2067 3311
822 70 1112 112 ,63-

404 188 554 245 „Nunc
583 190 620 232 si
651 190 747 246 quie
777 193 852 245 est,
882 191 956 246 qui
986 191 1066 232 hoc
1095 191 1205 233 dicat
1233 194 1308 233 aut
1337 191 1397 233 sic
1427 191 1597 246 cogitet:

403 247 552 305 ,Vetus
582 250 618 293 si
648 252 769 305 poeta
798 262 884 294 non
913 249 1147 295 lacessisset
1174 252 1300 308 prior,

402 308 579 351 Nullum
608 309 799 352 invenire
826 309 1047 365 prologum
1075 314 1215 366 posset
1243 323 1388 365 novos,

402 366 536 418 Quem
569 368 735 422 diceret,
764 368 846 411 nisi
876 368 1046 413 haberet
1074 370 1143 412 cui
1174 369 1283 413 male
1313 370 1496 413 diceret‘:

401 426 446 468 Is
465 426 555 478 ,sibi
585 439 831 481 responsum
862 428 941 476 hoc
970 428 1143 471 habeat“
1173 442 1234 483 sq.

191 483 260 526 Ex
292 483 445 540 quibus
476 484 616 528 verbis
640 489 808 542 apparet
831 489 1013 529 veterem
1037 490 1215 543 poetam,
1245 488 1408 529 etiamsi
1431 488 1474 528 in
1493 486 1740 529 Terentium

190 557 276 585 non
312 545 505 588 invectus
540 548 666 600 esset,
705 550 843 589 tamen
880 547 1099 602 prologum
1135 548 1367 600 invenisse,
1410 559 1535 602 quem
1573 547 1739 589 diceret.

191 601 303 653 Quid
326 604 457 660 igitur
480 605 579 647 inde
599 604 856 648 efficiemus?
903 607 994 647 Aut
1011 606 1240 648 adversarii
1260 618 1383 660 aegre
1402 606 1603 658 tulerunt,
1627 606 1740 661 quod

190 661 408 706 Terentius
438 665 486 706 in
515 665 698 720 prologis
722 665 811 707 suis
835 666 1006 707 omnino
1031 664 1083 707 de
1107 677 1252 707 eorum
1277 664 1391 706 vitiis
1414 663 1545 706 verba
1568 664 1738 717 fecerat3

189 723 383 778 sequitur
412 735 523 779 ergo,
553 727 602 765 ιιι
630 725 661 765 ii
690 724 771 779 ipsi
801 723 901 765 talia
930 724 975 764 in
1005 724 1189 779 prologis
1219 724 1307 765 suis
1338 724 1509 765 omnino
1536 736 1620 765 non
1646 736 1740 778 pro-

189 781 376 837 tulerint,
417 786 467 825 ut
497 782 579 832 alio
608 783 713 837 loco,
748 795 834 824 non
864 783 910 824 in
940 783 1136 838 prologis,
1178 786 1220 824 et
1247 781 1487 824 Terentium
1518 784 1740 837 reprehen-

189 840 327 883 derint
357 845 399 884 et
428 854 473 884 se
498 841 804 896 defenderintss)
864 842 956 884 Aut
985 843 1202 898 conquesti
1232 846 1345 896 sunt,
1381 842 1493 897 quod
1522 840 1740 883 Terentius

187 900 381 955 prologos
423 900 476 942 ob
521 913 614 942 eam
655 901 785 944 solam
826 913 995 943 causam
1033 901 1248 954 scriberet,
1290 906 1337 942 ut
1372 905 1447 943 aut
1481 902 1740 943 adversarios

188 959 370 1001 laederet
391 962 465 1001 aut
485 972 530 1002 se
553 959 802 1013 defenderet,
822 959 896 1002 sed
918 963 1212 1015 argumentum
1227 959 1394 1001 fabulae
1409 971 1493 1001 non
1507 963 1738 1012 enarraret3

189 1019 381 1074 sequitur
420 1032 536 1074 ergo,
577 1022 626 1061 ut
667 1019 729 1061 illi
771 1032 870 1061 suos
911 1019 1104 1075 prologos
1141 1031 1228 1062 non
1266 1018 1367 1062 solis
1402 1018 1740 1062 contentionibus

187 1077 417 1134 litibusque
430 1079 743 1134 compleverint,
765 1078 837 1120 sed
862 1078 964 1120 alias
989 1091 1159 1134 quoque
1182 1091 1250 1120 res
1269 1078 1531 1134 protulerint.
1564 1078 1739 1120 Utrum-

190 1149 272 1191 que
309 1138 389 1179 hoc
425 1150 479 1179 ex
508 1137 601 1179 loco
632 1137 826 1180 concludi
854 1150 976 1192 posse
1006 1139 1085 1180 etsi
1114 1137 1314 1191 concedo,
1349 1141 1488 1180 tamen
1520 1138 1596 1179 vix
1625 1138 1739 1180 credi

188 1199 327 1250 potest
350 1196 610 1238 adversarios
646 1196 744 1238 licet
779 1196 898 1237 initio
928 1195 1119 1238 Terentio
1150 1198 1195 1237 in
1226 1195 1490 1238 sermonibus
1519 1196 1739 1238 cotidianis

192 1253 526 1309 obtrectaverint‚
551 1268 645 1297 cum
672 1255 785 1296 hunc
808 1253 889 1296 sibi
912 1267 1050 1297 coram
1076 1254 1231 1310 populo
1255 1254 1507 1310 respondere
1527 1254 1740 1308 vidissent,

191 1314 339 1368 eodem
375 1326 527 1368 genere
563 1314 800 1356 certaminis
834 1313 1095 1357 abstinuisse.
1157 1312 1440 1364 Quamobrem
1471 1313 1740 1355 statuendum

189 1385 281 1415 esse
312 1372 491 1415 arbitror
520 1372 778 1415 adversarios
807 1373 989 1428 prologis
1019 1385 1120 1415 usos
1150 1385 1241 1415 esse
1271 1377 1312 1416 et
1342 1373 1395 1415 ad
1423 1372 1590 1415 fabulae
1615 1386 1739 1429 argu-

188 1435 378 1474 mentum
416 1432 696 1473 enarrandum
733 1435 775 1473 et
804 1431 857 1472 ad
886 1431 1125 1473 Terentium
1156 1431 1408 1473 laedendum
1438 1443 1569 1486 seque
1598 1432 1739 1474 defen-

189 1490 357 1532 dendos.
404 1489 497 1532 Hoc
526 1490 618 1532 fieri
647 1490 833 1545 potuisse
863 1502 918 1532 ex
941 1489 1229 1546 Adelphorum
1262 1490 1432 1545 prologo
1462 1491 1563 1532 satis
1587 1490 1738 1545 elucet;

187 1550 340 1590 etenim
371 1549 590 1591 Terentius
619 1550 693 1590 illa
721 1548 850 1590 verba
878 1549 934 1602 (v,
959 1547 1052 1603 22):

398 1606 584 1662 „Dehinc
612 1620 667 1650 ne
697 1608 923 1663 expectetis
953 1611 1247 1662 argumentum
1276 1606 1466 1649 fabulae“

186 1672 277 1708 tum
303 1667 422 1720 dixit,
446 1670 666 1721 postquam
693 1666 777 1707 duo
802 1667 978 1707 crimina
1000 1666 1236 1708 luculenter
1254 1666 1498 1719 refutavitss)
1542 1665 1592 1708 Id
1607 1667 1737 1721 igitur

186 1724 322 1767 solum
362 1725 526 1767 differre
555 1725 724 1766 videtur
758 1725 867 1766 inter
895 1723 1060 1766 Terenti
1097 1728 1138 1765 et
1167 1724 1499 1766 adversariorum
1528 1724 1736 1780 prologos,

184 1788 233 1825 ut
267 1783 485 1826 Terentius
526 1783 720 1838 prologos
761 1782 894 1825 solam
936 1782 989 1825 ob
1032 1795 1123 1825 eam
1160 1795 1250 1825 rem
1286 1783 1515 1838 scripserit,
1559 1787 1606 1825 ut
1640 1784 1735 1826 illos

186 1843 368 1885 laederet
397 1855 527 1898 seque
557 1842 796 1884 defenderet
811 1842 891 1894 -(cf.
921 1842 1052 1883 Andr.
1082 1843 1185 1898 prol.
1216 1855 1283 1884 vv.
1311 1842 1453 1897 1-7),
1488 1846 1633 1884 contra
1662 1843 1734 1884 ad—

184 1902 357 1944 versarii
386 1905 598 1957 praeterea
628 1904 923 1956 argumentum
952 1900 1119 1943 fabulae
1148 1902 1444 1943 enarraverint.

304 1959 441 2001 Multo
467 1959 681 2002 difficilius
704 1963 766 2002 est
790 1960 1032 2014 diiudicare,
1062 1960 1272 2015 quomodo
1296 1960 1523 2007 adversarii
1546 1960 1736 2002 Terentio

188 2020 358 2074 singula
382 2020 558 2061 crimina
582 2018 936 2074 exprobraverint.
982 2017 1099 2068 Quae
1122 2020 1165 2060 in
1193 2019 1277 2061 duo
1299 2031 1454 2073 genera
1478 2019 1736 2061 dividuntur.

183 2078 354 2121 Etenim
391 2081 464 2120 aut
500 2078 551 2120 ad
589 2078 778 2134 singulas
806 2076 971 2120 Terenti
1006 2077 1170 2120 fabulas
1207 2078 1410 2133 quasdam
1445 2082 1633 2133 spectant
1663 2084 1736 2120 aut

185 2139 230 2179 in
268 2139 515 2180 universum
554 2137 663 2179 dicta
692 2141 793 2179 sunt
821 2138 1115 2192 pertinentque
1144 2137 1197 2179 ad
1227 2137 1462 2192 complures
1492 2137 1560 2179 vel
1590 2150 1736 2180 omnes

185 2197 351 2240 Terenti
381 2196 545 2239 fabulas
569 2197 636 2239 vel
661 2196 714 2238 ad
738 2197 830 2239 eius
856 2197 1095 2239 universam
1118 2195 1280 2238 fabulas
1304 2196 1580 2252 componendi
1603 2199 1735 2239 artem

301 2348 334 2394 ⁵)
352 2349 410 2385 Ita
431 2348 587 2384 iudicare
603 2347 748 2383 videtur
761 2345 869 2383 Fabia
882 2346 907 2382 l.
924 2357 952 2383 s.
971 2357 999 2383 s.
1016 2358 1052 2393 p.
1072 2347 1138 2384 101
1156 2359 1164 2383 z
1191 2347 1458 2392 „L’adversaire
1483 2348 1521 2383 et
1544 2357 1602 2383 ses
1623 2348 1733 2393 parti-

182 2406 265 2432 sans
288 2396 484 2432 formulent
507 2395 605 2431 leurs
629 2395 797 2440 critiques
821 2395 866 2430 de
890 2394 971 2430 leur
994 2406 1123 2441 propre
1149 2395 1284 2430 bouche
1301 2396 1389 2430 dans
1404 2395 1459 2430 les
1475 2395 1672 2431 entretiens
1687 2396 1733 2431 de

180 2443 217 2479 la
249 2443 308 2479 vie
345 2443 583 2489 quotidienne.
630 2440 799 2487 Terence,
835 2452 880 2477 au
915 2441 989 2477 lieu
1022 2442 1069 2487 de
1100 2442 1252 2488 riposter
1281 2442 1325 2477 de
1356 2441 1392 2477 la
1420 2441 1535 2477 meme
1567 2442 1683 2487 facon,
1713 2453 1735 2478 a

181 2489 285 2527 l'idee
309 2489 383 2526 tres
407 2490 585 2527 heureuse
609 2490 654 2526 de
678 2489 815 2525 donner
837 2488 858 2524 a
873 2499 932 2525 ses
949 2487 1119 2536 repenses
1134 2500 1206 2526 une
1223 2488 1303 2525 bien
1322 2488 1402 2535 plus
1416 2489 1549 2535 grande
1565 2488 1733 2535 publicite

181 2548 228 2572 en
250 2537 304 2573 les
327 2537 459 2573 faisant
481 2537 669 2582 presentet
692 2547 757 2581 par
771 2535 942 2581 Prologus
957 2537 1007 2572 du
1021 2537 1110 2572 haut
1132 2538 1178 2572 de
1202 2536 1238 2571 la
1261 2536 1404 2572 scene.“
1437 2537 1483 2572 cf.
1501 2537 1547 2571 id.
1565 2548 1598 2581 p.
1616 2538 1664 2573 30
1680 2547 1732 2583 sq.

182 2586 219 2621 et
268 2613 276 2621 .
301 2584 383 2622 262.

241 2596 265 2631 p
299 2632 326 2676 ⁸)
351 2633 398 2668 cf.
424 2632 530 2667 etiam
554 2631 735 2680 prologum
760 2631 950 2673 Graecum,
988 2642 1093 2676 quem
1120 2631 1244 2666 Kaibel
1282 2631 1317 2676 (l.
1344 2642 1371 2665 S.
1398 2634 1441 2674 s.)
1479 2630 1609 2676 publici
1645 2632 1733 2667 iuris

180 2678 282 2720 fecit;
308 2679 408 2713 cuius
433 2678 556 2712 similis
581 2680 636 2712 est
660 2677 806 2713 Casinae
832 2678 1014 2712 Plautinae
1040 2678 1212 2723 prologus.
