2067 3311
919 107 1208 148 -46-

286 225 482 267 facillime
513 224 788 279 explicantur.
849 224 942 267 Hoc
972 226 1102 280 igitur
1130 226 1396 279 gravissimo,
1438 229 1486 268 ut
1516 228 1674 282 opinor,
1717 239 1840 281 argu-

284 288 428 326 mento
453 283 636 325 dilucide
661 284 937 325 demonstrari
962 285 1065 326 viris
1090 284 1221 327 doctis
1245 285 1369 339 plane
1393 286 1598 328 assentior
1622 285 1837 341 prologum

286 343 339 384 ad
381 343 652 398 posteriorem
695 343 902 385 actionem
945 347 1142 399 spectare.
1214 342 1364 398 Neque
1407 344 1633 399 quicquam
1679 345 1718 386 ei
1760 344 1840 385 viri

288 402 411 456 docti,
441 402 515 457 qui
546 401 598 442 ab
630 402 759 443 altera
788 405 906 458 parte
936 405 1060 455 stant,
1091 404 1168 444 etsi
1192 402 1494 445 studiosissime
1524 415 1691 459 operam
1718 402 1840 445 dede-

286 465 398 514 runt,
427 462 694 515 invenerunt,
725 474 810 516 quo
841 462 919 503 hae
949 461 1214 504 difficultates
1244 474 1389 503 omnes
1419 461 1674 504 tollerentur.
1727 460 1841 512 Quo-

286 533 380 561 rum
412 520 457 561 in
489 532 668 561 numero
705 518 925 573 Dziatzko,
968 532 1053 575 quo
1096 524 1216 575 pacto
1258 521 1392 576 iniqui
1436 519 1646 562 Andriam
1689 533 1840 576 cogno-

286 579 441 627 verint
488 579 605 621 varie
645 591 767 635 posse
810 578 1011 634 explicari
1053 580 1098 620 in
1140 580 1389 621 universum
1428 580 1563 635 primo
1606 580 1769 622 dixerat
1776 580 1839 633 ‚²2)

287 638 438 680 deinde
486 652 510 680 a
556 637 766 692 Wagnero
777 639 826 689 ²³)
879 638 1099 690 invitatus,
1154 637 1309 693 quibus
1356 637 1587 681 rationibus
1629 639 1709 680 1100
1747 638 1839 680 fieri

285 699 508 753 potuisset,
550 697 793 751 singillatim
834 697 1031 752 exposuit
1073 696 1271 752 deditque
1313 698 1413 739 satis
1454 696 1615 753 largam
1659 698 1840 752 eligendi

286 757 516 811 copiam.²⁴)
592 754 710 805 Quae
762 756 903 797 omnia
951 768 1046 797 cum
1099 759 1210 798 recte
1255 756 1457 798 refutasse
1501 756 1604 798 mihi
1649 756 1842 798 videatur

287 815 521 857 Karstenus
552 815 594 869 (l.
609 828 686 857 s.s.
705 829 742 869 p.
762 814 924 870 188s9)‚
954 814 1147 869 equidem
1171 815 1248 856 hac
1273 815 1553 870 disputatione
1579 815 1839 870 supersedeo.

287 873 441 916 Contra
471 872 599 915 Fabia
629 876 747 929 putat
777 876 922 930 poetae
952 874 1083 916 veteri
1106 874 1245 930 gregis
1270 873 1439 917 domino
1464 878 1505 917 et
1530 873 1840 929 magistratibus

286 934 409 975 valde
439 933 634 975 familiari
664 933 834 974 licuisse
865 934 925 974 illi
956 935 1157 975 interesse
1187 934 1353 986 actioni,
1390 946 1498 988 quae
1529 933 1840 988 magistratibus

285 991 575 1048 praesentibus
606 996 703 1034 ante
734 991 944 1047 publicam
974 991 1140 1034 fabulae
1164 992 1370 1035 actionem
1399 991 1490 1035 fieri
1521 992 1680 1035 solebat
1702 993 1840 1048 priva-

285 1053 373 1093 tim.
435 1050 573 1103 Certe,
614 1050 780 1092 fabulae
817 1051 1027 1092 docendae
1063 1063 1189 1092 causa
1227 1052 1332 1093 tales
1369 1053 1571 1104 actiones,
1614 1052 1759 1106 quales
1795 1052 1839 1092 in

286 1109 481 1153 Eunuchi
525 1110 696 1166 prologo
737 1113 1042 1163 memorantur,
1084 1113 1180 1152 ante
1224 1109 1408 1153 Andriae
1451 1123 1620 1167 quoque
1662 1110 1840 1166 primam

286 1172 489 1212 actionem
540 1169 878 1211 instituebantur.
889 1171 940 1223 2⁶)
1012 1168 1095 1211 Sed
1139 1169 1290 1211 Luscio
1339 1170 1508 1211 licuisse
1550 1182 1713 1225 semper
1754 1169 1841 1211 illis

286 1231 487 1271 interesse
517 1242 572 1271 ex
596 1227 793 1270 Eunuchi
822 1227 997 1284 prologo
1019 1229 1193 1270 minime
1217 1227 1406 1271 efficitur.
1456 1228 1604 1283 Immo,
1633 1228 1701 1271 vel
1730 1228 1840 1282 inde,

287 1289 398 1344 quod
430 1288 648 1330 Terentius
685 1288 857 1330 omnino
894 1288 1021 1329 huius
1064 1288 1124 1329 rei
1155 1289 1411 1329 mentionem
1440 1287 1539 1329 facit
1567 1289 1610 1328 in
1644 1287 1839 1329 Eunuchi

286 1347 472 1402 prologo,
515 1350 685 1402 apparet
726 1347 805 1388 1100
847 1346 899 1387 ab
938 1359 1020 1388 usu
1051 1349 1092 1387 et
1122 1346 1425 1388 consuetudine
1453 1358 1625 1401 prorsus
1655 1346 1841 1387 alienum

286 1407 486 1459 fuisse.²⁶)
547 1407 605 1447 At
646 1405 880 1447 interfuerit
910 1404 1099 1458 Luscius,
1142 1417 1195 1446 ne
1238 1417 1288 1446 ea
1330 1405 1501 1460 quidem
1542 1417 1587 1447 re
1628 1404 1684 1458 id,
1727 1405 1840 1459 quod

286 1464 415 1506 Fabia
444 1465 590 1519 voluit,
620 1463 841 1520 probabile
862 1463 953 1505 fiet:
986 1465 1141 1505 etenim
1166 1464 1244 1505 hoc
1271 1464 1307 1505 si
1330 1464 1488 1505 factum
1513 1467 1632 1517 esset,
1664 1462 1840 1505 Luscius

285 1524 400 1566 solus
429 1523 612 1566 fabulam
646 1523 921 1578 cognovisset,
952 1535 1034 1565 non
1067 1522 1259 1579 populus.
1303 1521 1466 1566 Deinde
1491 1522 1642 1565 Luscio
1667 1523 1840 1565 minime

284 1583 454 1625 licuisse
491 1595 636 1624 omnes
665 1582 845 1636 fabulas,
884 1595 988 1636 quas
1020 1583 1241 1623 histriones
1272 1583 1406 1623 acturi
1437 1586 1575 1633 erant,
1613 1582 1839 1636 ,inspicere‘

285 1643 385 1684 satis
423 1641 560 1684 elucet
595 1654 650 1684 ex
686 1642 789 1697 ipsis
826 1640 983 1694 verbis,
1022 1640 1176 1696 quibus
1212 1643 1334 1696 poeta
1363 1641 1407 1682 in
1440 1639 1636 1683 Eunuchi
1666 1640 1839 1697 prologo

285 1702 428 1743 utitur.
495 1700 609 1742 Dicit
645 1701 756 1742 enim
794 1701 897 1741 haec
940 1701 994 1752 (V.
1028 1701 1116 1753 20):
1162 1703 1405 1754 „postquam
1444 1700 1599 1741 aediles
1637 1703 1841 1752 emerunt,

286 1759 505 1801 Perfecit
547 1758 627 1800 sibi
669 1763 718 1800 ut
746 1758 1002 1813 inspiciundi
1034 1761 1143 1799 esset
1172 1758 1325 1813 copia“.
1386 1757 1547 1813 Nempe
1576 1757 1705 1799 verbo
1737 1769 1839 1813 ,per-

284 1818 391 1860 fecit‘
442 1818 652 1859 indicatur
702 1817 842 1859 labore
893 1830 1045 1871 magno
1096 1830 1333 1871 magnaque
1379 1829 1503 1872 opera
1549 1829 1654 1871 opus
1698 1816 1840 1857 fuisse.

287 1876 567 1926 Quamobrem
592 1875 783 1918 Donatus
813 1882 923 1917 recte
948 1876 1000 1917 ad
1026 1877 1138 1917 hunc
1162 1876 1300 1917 locum
1326 1875 1513 1917 adnotat:
1547 1876 1687 1929 „mire,
1719 1876 1841 1930 quasi

286 1935 455 1977 difficile
481 1939 522 1977 et
545 1935 829 1988 illicitum“.²⁷)
877 1934 941 1976 Ne
964 1935 1008 1976 id
1034 1935 1204 1989 quidem
1225 1934 1451 1984 verisimile
1476 1938 1549 1987 est,
1575 1934 1687 1988 quod
1713 1933 1840 1975 Fabia

287 1995 312 2035 1.
334 2007 366 2035 s.
387 2007 418 2035 s.
440 1994 595 2046 statuit,
624 1993 863 2035 Terentium
895 1994 1032 2048 ipsum
1060 1993 1112 2035 de
1135 1992 1277 2034 fabula
1301 2005 1377 2034 sua
1403 2005 1457 2034 ex
1482 1991 1645 2034 duabus
1671 1991 1841 2033 Graecis

287 2053 514 2094 commixta
547 2065 687 2093 coram
718 2053 796 2104 eis,
833 2053 905 2105 qui
937 2064 1033 2093 cum
1067 2051 1217 2093 Luscio
1249 2051 1552 2093 consuetudine
1582 2055 1707 2104 atque
1737 2052 1840 2092 ami-

407 2191 449 2236 2·)
474 2191 557 2226 diss.
582 2190 643 2226 ina
691 2215 700 2225 .
727 2190 848 2235 (1863)
873 2202 906 2234 p.
932 2189 954 2224 2
979 2202 1014 2223 n.
1043 2191 1073 2224 1.

406 2238 448 2283 ²⁸)
472 2238 531 2274 lib.
558 2238 668 2274 misce
698 2266 705 2273 .
731 2237 853 2282 (1864)
878 2248 911 2281 p.
939 2238 984 2272 76
1009 2248 1043 2271 n.
1070 2236 1103 2271 9.
1392 2284 1399 2290 .
1763 2284 1770 2290 -

406 2287 448 2330 ²⁴)
473 2285 564 2320 Mus.
591 2285 705 2320 Rhen.
731 2295 811 2319 nov.
836 2284 920 2319 XX.
947 2284 1068 2327 (1865)
1093 2294 1127 2327 p.
1153 2284 1222 2318 579
1247 2294 1310 2328 sq„
1345 2294 1402 2319 0111
1426 2284 1660 2318 vehementer
1683 2284 1838 2328 adstipu-

283 2333 378 2369 latur
401 2331 707 2369 Paeckelmannus
731 2330 755 2367 l.
773 2340 800 2366 s.
819 2341 846 2366 s.
865 2342 899 2375 p.
921 2331 962 2366 13
980 2340 1032 2375 sq.
1053 2349 1095 2355 —
1113 2330 1245 2366 Eodem
1258 2330 1360 2366 modo
1373 2331 1416 2366 A.
1431 2330 1589 2366 Greifeld
1602 2329 1626 2365 1.
1643 2340 1671 2366 s.
1689 2340 1717 2366 s.
1733 2341 1766 2376 p.
1780 2330 1837 2366 25.

404 2380 447 2423 ³⁸)
472 2380 549 2416 Hac
585 2380 630 2415 de
669 2390 708 2415 re
734 2381 832 2414 recte
858 2377 1074 2413 Ritschelius
1108 2377 1146 2413 in
1177 2377 1321 2424 Parerg.
1345 2378 1364 2414 I
1395 2390 1428 2424 p.
1455 2378 1526 2415 328
1549 2389 1600 2423 sq.
1633 2378 1839 2423 (Perperam

283 2429 443 2473 Wagner
484 2428 523 2462 in
563 2426 652 2461 libro
692 2425 839 2461 miscell.
883 2437 915 2469 p.
959 2426 1027 2467 76).
1071 2445 1114 2450 -
1156 2425 1327 2460 Ribbeck:
1376 2426 1466 2469 „Die
1509 2426 1610 2460 Rom.
1647 2425 1838 2470 Tragodie“

283 2474 527 2522 (Lips.1875)
551 2484 585 2519 p.
612 2473 693 2510 669.

403 2523 446 2562 ²⁶)
471 2523 518 2558 01.
543 2519 834 2557 Herrmanowski
859 2519 880 2554 l.
906 2519 928 2554 1.
955 2520 1060 2564 p.3.5

405 2569 446 2611 ²⁷)
471 2568 630 2603 Eandem
655 2567 729 2601 vim
753 2565 861 2600 habet
885 2531 1085 2610 ,perficere‘
1109 2566 1145 2600 in
1172 2566 1259 2601 Hec.
1286 2565 1363 2610 prol
1387 2566 1424 2600 ΙΙ
1448 2577 1482 2605 v
1513 2565 1571 2600 12:
1610 2565 1776 2609 „Perfeci
1800 2567 1840 2599 ut

282 2616 564 2661 spectarentur&
599 2615 642 2650 ad
677 2624 783 2659 quem
809 2612 925 2648 locum
949 2612 1108 2648 Donatus
1133 2613 1246 2648 addit:
1283 2613 1472 2657 „Attende
1508 2591 1679 2658 quant'um
1703 2612 1840 2657 pondus

281 2663 552 2743 gigitlgefflgrequod
584 2673 653 2697 non
694 2661 788 2705 ,10014
822 2660 922 2701 dixit,
954 2660 1015 2694 sed
1041 2660 1156 2704 potius
1191 2661 1361 2704 ,ῃο110014,
1398 2662 1438 2695 ut
1462 2660 1590 2695 111010111
1617 2658 1839 2694 difficultatis
