2067 3311
827 77 1118 119 —61—

368 195 592 262 „Simplex,
631 208 739 251 quae
769 208 825 239 ex
859 159 1106 252 argumento
1134 196 1243 239 facta
1272 200 1335 239 est
1364 196 1576 253 simplici“.

314 254 355 296 N
356 267 404 297 ec
434 267 583 297 sensus
615 267 758 298 versus
782 259 845 298 est
874 255 1101 298 obscurus:
1133 254 1656 310 „Heautontimorumenos
1685 259 1748 298 est

196 326 283 355 una
324 313 483 368 fabula,
525 327 580 357 ex
610 327 696 357 una
727 313 886 357 Graeca
914 313 1046 357 facta“
1090 315 1128 358 h.
1159 327 1193 358 e.
1223 314 1367 358 fabula
1396 318 1459 358 est
1488 328 1573 357 non
1604 318 1747 357 conta-

195 372 366 414 minata.

313 430 407 473 Hac
428 431 607 474 lectione
630 432 802 488 probata
826 445 911 475 non
935 433 1059 475 modo
1085 446 1146 488 ea,
1170 446 1297 489 quam
1322 432 1405 476 Leo
1430 434 1586 487 statuit,
1610 432 1748 488 figura

196 467 400 592 rhetoriga
423 491 547 546 plane
571 495 772 547 servatur,
802 491 876 535 sed
896 493 1021 535 etiam
1042 505 1190 535 versus
1210 493 1350 535 versui
1381 496 1530 548 quarto
1560 493 1746 534 maxime

194 559 343 604 respon
374 553 438 593 etz
491 569 496 574 ·

435 608 510 650 Ex
539 610 743 665 integra
773 606 962 652 Graeca
992 611 1243 665 integram
1272 611 1578 651 comoediam

367 668 405 710 5.
436 667 573 712 Hodie
602 682 705 712 sum.
727 672 897 712 acturus
925 668 1446 723 Heautontimorumenon,

436 726 660 783 Simplex
689 741 798 783 quae
833 741 895 769 ex
924 731 1219 783 argumento
1249 728 1356 769 facta
1393 731 1456 769 est
1485 726 1745 782 simplici.“

313 784 504 841 Utroque
534 787 664 842 igitur
692 799 819 829 versu
848 787 961 829 idem
984 785 1161 828 verbum
1186 791 1307 841 poeta
1331 786 1397 828 bis
1426 793 1628 841 usurpat:
1662 798 1700 828 v.
1719 786 1744 826 6

195 844 377 885 ostendit
416 844 604 887 fabulam
649 858 803 887 novam
853 858 944 887 esse
987 845 1129 887 dicens
1171 844 1356 886 fabulam
1402 848 1444 886 et
1487 857 1543 887 ex
1583 846 1746 899 integra

196 901 355 944 Graeca
396 906 437 945 et
477 905 612 959 ipsam
647 905 854 960 integram
897 917 1005 958 esse;
1055 917 1094 947 v.
1133 903 1159 945 6
1206 908 1346 946 autem
1391 907 1516 959 negat
1559 903 1745 946 fabulam

194 962 518 1004 contaminatam
550 975 658 1017 esse,
704 972 799 1018 quo·
818 963 922 1017 loco,
964 963 1043 1005 etsi
1072 975 1157 1004 non
1189 963 1471 1005 necessarium
1502 965 1575 1016 est,
1605 966 1744 1004 tamen

194 1032 338 1062 vocem
370 1021 572 1077 ,simplex‘
602 1021 667 1064 bis
696 1023 814 1077 ponit
843 1034 942 1064 cum
976 1021 1138 1077 figurae
1167 1025 1209 1064 et
1238 1022 1484 1064 elocutionis
1514 1022 1746 1063 venustatis

194 1091 340 1133 causa,
381 1082 471 1122 tum
519 1084 567 1123 ut
606 1093 777 1123 versum
805 1093 954 1123 versus
984 1081 1266 1123 antecedentis
1296 1081 1557 1122 simillimum
1587 1080 1744 1124 reddat.

193 1136 698 1183 Heautontimorumenon
738 1152 836 1182 vero
872 1141 1195 1182 contaminatam
1241 1152 1326 1182 non
1372 1151 1463 1182 esse
1506 1139 1621 1181 haud
1657 1139 1744 1181 scio

193 1209 248 1238 an
270 1197 332 1238 »ob
363 1210 454 1239 eam
485 1211 575 1240 rem
605 1198 957 1240 verisimillimum
987 1200 1053 1252 sit,
1084 1199 1194 1254 quod
1228 1199 1423 1253 quamvis
1453 1198 1744 1240 stud10se⁴viri

193 1255 303 1298 docti
341 1268 509 1312 operam
547 1257 754 1311 dederint,
798 1257 958 1299 nemini
999 1257 1136 1299 adhuc
1180 1257 1354 1312 contigit
1362 1255 1427 1314 ,²⁹)
1469 1260 1519 1298 ut
1558 1255 1742 1298 fabulam

192 1316 515 1357 contaminatam
571 1329 661 1358 esse
714 1317 899 1372 apposite
950 1316 1003 1357 ad
1050 1316 1389 1372 persuadendum
1441 1315 1744 1357 demonstraret

192 1372 260 1430 (cf.
291 1372 562 1417 Skutschium
591 1374 619 1417 1.
649 1387 682 1417 s.
712 1387 743 1417 ε.
773 1387 812 1431 p.
844 1374 896 1429 8).

309 1432 505 1490 Denique
547 1434 756 1491 quomodo
802 1434 996 1477 codicum
1037 1435 1243 1491 scriptura
1286 1438 1376 1477 orta
1425 1434 1497 1486 sit,
1544 1432 1743 1477 facillime

192 1492 409 1547 explanari
457 1497 608 1548 potest,
661 1493 761 1535 dum
805 1494 930 1534 modo
972 1493 1046 1534 illa
1096 1492 1252 1535 Donati
1302 1497 1344 1534 et
1388 1492 1571 1534 Euanthi
1614 1493 1743 1534 verba

189 1550 261 1606 (cf.
292 1564 419 1608 supra
454 1565 493 1608 p.
525 1553 598 1606 58)
640 1552 967 1595 meminerimus.
1043 1551 1350 1594 Grammaticus
1397 1552 1511 1594 enim
1557 1550 1741 1607 quidam,

192 1611 265 1664 qui
302 1610 808 1658 Heautontimorumenon
855 1611 998 1653 eodem
1043 1612 1167 1652 modo
1209 1615 1336 1665 atque
1380 1615 1539 1652 ceteras
1574 1610 1741 1652 Terenti

190 1667 353 1711 fabulas
383 1668 552 1724 Hecyra
581 1672 755 1725 excepta
784 1682 869 1711 non
901 1669 1101 1725 simplicis
1131 1670 1366 1724 argumenti
1397 1681 1499 1723 esse,
1529 1668 1603 1711 sed
1633 1669 1740 1711 duos

190 1739 329 1776 seneS,
372 1728 477 1770 duos
522 1728 807 1770 adulescentes
848 1728 1048 1783 praebere
1090 1728 1385 1781 intellexisset,
1430 1729 1543 1770 hunc
1577 1727 1739 1783 prologi

192 1797 372 1840 versum,
402 1789 450 1827 ut
479 1798 576 1828 cum
607 1787 739 1842 ipsius
770 1787 976 1828 sententia
1014 1787 1268 1840 conveniret,
1304 1787 1533 1828 mutavisse
1562 1786 1740 1830 videtur.

190 1843 303 1887 Illud
344 1858 513 1901 quoque
549 1845 660 1888 haud
691 1845 777 1887 scio
822 1858 875 1888 an
915 1845 1030 1888 credi
1071 1846 1202 1901 possit
1236 1845 1529 1901 grammaticos
1566 1858 1621 1887 ex
1661 1845 1741 1888 hoc

189 1916 335 1958 versu,
359 1916 486 2021 >quae
506 1904 568 1960 lde
598 1904 837 1960 duplicibus
874 1906 1133 1960 argumentis
1169 1905 1408 1957 edocerent,
1446 1908 1602 1947 temere
1632 1905 1740 1947 deri-

188 1975 319 2005 vasse.
323 1963 360 1990 ⁸⁰

309 2077 352 2124 '⁹)
376 2078 709 2114 Herrmanowskiml
735 2089 763 2114 ε.
789 2089 817 2114 s.
843 2089 876 2124 p.
902 2078 1022 2126 22s29.
1055 2099 1098 2105 —
1131 2079 1325 2115 Roetterl.
1351 2090 1379 2114 ε.
1405 2090 1433 2114 ε.
1468 2098 1511 2104 -
1547 2080 1593 2114 cf.
1620 2081 1739 2114 autem

188 2125 365 2219 Fabiamvl
367 2126 766 2210 ngizussszffilwfimfi
795 2185 867 2209 non
897 2184 1060 2219 magnam
1084 2175 1195 2209 fidem
1219 2175 1287 2210 hoc
1310 2174 1387 2209 loco
1411 2174 1635 2209 tribuendam
1659 2185 1738 2210 esse

186 2219 246 2255 vel
270 2231 317 2256 ex
341 2231 383 2256 eo
407 2222 563 2266 apparet,
588 2221 681 2266 quod
704 2220 742 2255 in
766 2221 897 2266 optimo
913 2221 1034 2257 codice
1050 2222 1083 2256 A
1094 2221 1192 2266 prior
1207 2231 1333 2256 manus
1346 2222 1557 2256 exaraverat
1571 2221 1737 2265 ,duplici‘‚

186 2267 299 2304 altera
321 2267 478 2303 correxit
500 2267 685 2313 ,simplici‘.
