2067 3311
906 134 1195 177 ,40-

483 253 509 305 ξ
541 254 579 295 3.
645 253 711 294 De
742 252 1138 295 adversariorum
1173 252 1621 295 criminationibus.

393 323 670 378 Prologorum
702 328 742 373 et
772 322 1013 365 fabularum
1044 323 1158 374 ordo,
1188 334 1315 379 quem
1346 322 1585 377 statuimus,
1615 322 1831 365 insimula-

272 383 436 423 tionum
468 394 638 437 quoque
669 383 1005 423 adversariormn
1028 382 1255 436 generibus
1281 381 1402 423 valde
1426 381 1565 422 fulciri
1590 382 1693 422 mihi
1716 381 1832 422 vide-

272 445 353 482 tur.
415 440 603 483 Primam
640 442 753 483 enim
791 441 1128 483 criminationem
1171 440 1508 483 adversariorum
1553 444 1738 495 spectare
1780 440 1832 481 ad

271 499 438 542 Terenti
463 501 860 542 contaminationem
892 499 1104 555 vidimus„
1134 499 1224 542 Nec
1247 501 1421 541 mirum:
1455 498 1632 541 Luscius
1658 500 1833 554 eiusque

272 558 455 600 asseclae
493 558 659 601 Caecilii
698 559 872 613 vestigia
916 560 1120 613 persecuti
1161 559 1324 600 fabulas
1362 558 1542 601 Graecas
1579 557 1831 600 verbotenus

273 617 501 659 vertebant.
550 616 832 667 Quamobrem
863 618 906 658 id
937 622 1034 658 ante
1065 618 1206 659 omnia
1236 629 1307 659 eos
1331 616 1514 671 offendit,
1545 617 1658 672 quod
1681 616 1833 659 Teren-

273 677 358 718 tius
395 679 516 732 poeta
552 689 688 718 novus
725 676 916 718 consulto
955 675 1162 719 Graecum
1200 676 1440 731 exemplum
1480 675 1671 718 liberiore
1708 675 1832 718 modo

272 738 533 788 tractaverat,
565 735 669 777 duas
700 734 864 777 fabulas
891 735 1071 777 Graecas
1103 736 1146 776 in
1171 748 1299 776 unam
1325 735 1533 777 Andriam
1566 734 1831 777 conflaverat.

273 794 369 836 Hoc
391 795 522 849 igitur
538 795 576 836 ei
592 793 845 836 obiecerunt.
891 793 1110 836 Terentius
1135 800 1275 836 autem
1298 794 1350 835 ad
1371 793 1592 848 Naevium,
1620 793 1830 847 Plautum,

272 852 460 894 Ennium
490 854 743 908 provocavit.
791 851 885 902 Qua
915 865 960 894 re
991 865 1074 894 non
1107 853 1292 894 contenti
1322 852 1549 894 adversarii
1573 857 1664 894 tum
1689 864 1830 894 rumo-

272 924 339 953 res
376 911 631 954 distulerunt
659 911 899 953 Terentium
937 915 985 953 ut
1021 924 1149 953 unam
1184 910 1370 953 fabulam
1399 910 1639 964 conficeret,
1679 911 1831 953 multas

273 969 453 1012 Graecas
495 971 811 1012 contaminasse.
878 970 959 1012 Sed
1004 982 1058 1012 ne
1093 971 1171 1012 hac
1208 970 1377 1025 quidem
1415 982 1461 1012 re
1499 970 1742 1023 effecerunt,
1783 974 1834 1011 ut

271 1028 437 1071 Terenti
466 1028 633 1070 fabulae
664 1029 944 1084 displicerent.
995 1028 1089 1070 Hoc
1119 1030 1248 1083 igitur
1278 1029 1437 1070 crimen
1467 1028 1628 1070 nullam
1660 1025 1831 1069 0111111110

272 1089 357 1129 vim
390 1087 543 1129 habere
573 1088 625 1129 ad
649 1087 888 1129 Terentium
917 1087 1233 1129 detrectandam
1258 1099 1356 1129 cum
1381 1087 1700 1140 intellexissent,
1729 1087 1832 1129 alias

272 1146 605 1188 insimulationes
636 1148 992 1201 excogitaverunt.
1052 1145 1208 1187 Tamen
1239 1145 1422 1199 Andria,
1459 1147 1536 1187 etsi
1568 1158 1660 1187 eam
1691 1149 1831 1187 conta-

275 1205 478 1247 minatam
509 1217 600 1247 esse
630 1208 753 1247 antea
784 1205 974 1259 sciverat,
1005 1217 1102 1246 cum
1132 1204 1287 1260 populo
1318 1203 1543 1259 placuisset
1573 1216 1710 1259 neque
1740 1217 1832 1247 suc-

273 1276 416 1305 cessus
445 1263 612 1305 fabulae
643 1265 779 1305 minui
811 1265 981 1304 omnino
1012 1268 1162 1318 posset,
1203 1264 1340 1317 iniqui
1370 1263 1412 1304 id
1444 1266 1747 1318 spectaverunt,
1787 1267 1833 1305 ut

273 1323 387 1364 hunc
425 1335 665 1364 successum
703 1323 952 1374 amicorum,
991 1335 1074 1363 non
1107 1322 1272 1363 Terenti
1309 1334 1399 1363 esse
1436 1322 1631 1363 dicerent.
1692 1320 1832 1363 Huius

274 1382 335 1423 rei
379 1381 672 1424 diiudicandae
715 1394 842 1423 causa
878 1381 1079 1437 populum
1121 1382 1259 1437 ipsum
1295 1379 1514 1423 Terentius
1552 1380 1732 1423 iudicem
1771 1381 1830 1435 (in

272 1439 427 1482 Heaut.
450 1441 570 1495 prol.)
592 1441 822 1482 advocavit.
865 1439 1006 1481 Etiam
1027 1440 1526 1482 Heautontimorumenos
1546 1439 1688 1481 fabula
1708 1442 1831 1481 stetit.

272 1497 422 1554 Neque
459 1511 559 1542 vero
597 1499 826 1541 adversarii
855 1497 1047 1541 Terentio
1083 1498 1257 1541 insidias
1286 1510 1433 1554 parare
1463 1498 1687 1541 desierunt.
1749 1496 1832 1548 Qui

272 1571 368 1600 cum
401 1558 443 1600 id
477 1558 631 1613 quibus
663 1558 799 1601 modis
822 1562 1185 1614 persequerentur,
1216 1558 1314 1599 dum
1341 1559 1379 1600 ei
1405 1557 1695 1611 obtrectarent,
1726 1558 1832 1599 nihil

272 1618 390 1672 pensi
417 1617 628 1670 haberent,
652 1616 832 1660 Luscius
852 1617 1034 1672 perfecit,
1059 1624 1107 1659 ut
1126 1620 1352 1672 antequam
1374 1616 1606 1659 Eunuchus
1626 1620 1831 1672 ageretur,

272 1676 354 1718 sibi
379 1678 498 1731 copia
528 1676 785 1731 inspiciundi
810 1677 1045 1729 daretur.⁹⁸)
1093 1675 1211 1726 Quae
1235 1675 1375 1718 fabula
1400 1689 1497 1718 011111
1523 1675 1832 1730 magistratibus

271 1735 562 1789 praesentibus
606 1736 674 1790 agi
703 1739 861 1790 coepta
904 1739 1028 1789 esset,
1079 1733 1258 1777 Luscius
1301 1735 1552 1776 exclamavit
1592 1734 1831 1777 Terentium

272 1794 420 1847 furem,
452 1807 534 1836 non
561 1797 726 1850 poetam
751 1806 853 1837 esse.
899 1793 1017 1837 Haec
1041 1797 1162 1850 poeta
1186 1794 1229 1835 in
1257 1793 1453 1836 Eunuchi
1478 1793 1649 1849 prologo
1673 1797 1831 1849 specta-

272 1853 433 1895 toribus
470 1854 656 1895 narravit
694 1858 734 1895 et
771 1867 796 1895 a
832 1853 933 1895 furti
970 1854 1145 1895 crimine
1182 1865 1226 1896 se
1264 1853 1464 1906 defendit,
1507 1853 1574 1895 vel
1610 1854 1749 1908 potius
1787 1866 1832 1895 se

273 1912 496 1954 defendere
534 1913 707 1954 studuit.
768 1911 937 1955 Etenim
975 1925 1058 1971 non
1091 1917 1177 1954 tam
1207 1915 1412 1967 purgatur
1443 1925 1570 1967 quam
1601 1912 1831 1954 cavillatur.

271 1971 365 2013 Hac
395 1972 524 2026 igitur
554 1973 597 2013 in
630 1984 676 2014 re
707 1971 885 2014 Luscius
916 1984 1065 2013 verum
1096 1972 1253 2013 vidisse
1282 1971 1460 2013 videtur.
1520 1971 1676 2013 Tamen
1707 1972 1832 2013 etiam

273 2030 508 2072 Eunuchus
551 2031 727 2085 placuit,
771 2031 895 2072 etiam
939 2031 1074 2084 magis
1113 2043 1238 2085 quam
1280 2042 1424 2071 omnes
1461 2035 1621 2071 ceterae
1656 2030 1832 2071 fabulae.

225 2122 227 2124 .
272 2087 423 2143 Neque
447 2089 544 2144 plus
562 2088 842 2144 'proficiebant
865 2090 1002 2143 iniqui
1028 2089 1213 2130 dicentes
1231 2087 1397 2130 Terenti
1421 2087 1583 2130 fabulas
1604 2100 1694 2130 esse
1715 2089 1831 2130 tenui

274 2148 460 2188 oratione
490 2160 539 2189 ac
570 2149 777 2202 scriptura
806 2148 903 2189 levi.
959 2147 1087 2189 Nullo
1118 2148 1247 2202 igitur
1276 2148 1451 2189 crimine
1482 2148 1705 2202 quicquam
1738 2161 1830 2202 pro-

392 2262 436 2308 ⁹⁸)
462 2262 516 2297 Ex
540 2262 631 2298 Eun.
658 2262 733 2308 prol
756 2274 815 2298 vv.
840 2262 888 2299 20
913 2273 1003 2308 sqq.:

555 2309 742 2345 Menandri
766 2310 977 2345 Eunuchum
1003 2310 1185 2355 postquam
1211 2309 1343 2346 aediles
1369 2311 1542 2354 emerunt,

555 2356 717 2392 Perfecit
740 2356 806 2392 sibi
830 2358 872 2392 ut
894 2356 1107 2402 inspiciundi
1132 2358 1228 2393 esset
1252 2357 1361 2404 copia.

557 2404 782 2450 Magistratus
807 2415 911 2451 quom
936 2404 984 2439 ibi
1009 2405 1160 2450 adesset,
1186 2407 1365 2451 occeptast
1389 2405 1478 2451 agi.“

271 2452 423 2488 dilucide
450 2462 621 2498 apparere
646 2451 734 2486 mihi
759 2451 902 2487 videtur
916 2452 1082 2487 Luscium
1099 2452 1169 2487 iam
1185 2454 1268 2488 ante
1293 2463 1372 2488 eam
1397 2452 1582 2496 actionem,
1609 2464 1697 2498 quae
1723 2454 1832 2498 magi-

273 2500 441 2535 stratibus
466 2498 714 2545 praesentibus
730 2498 827 2534 faeta
850 2500 915 2543 est,
941 2499 1084 2535 Terenti
1108 2499 1263 2535 fabulam
1281 2499 1539 2546 „inspexisse‘g
1566 2500 1658 2545 quod
1683 2500 1832 2535 verbum

271 2547 315 2582 de
340 2546 429 2582 libro
453 2546 604 2593 legendo
622 2547 848 2591 ursurpatur3
873 2558 942 2593 qua
963 2557 1003 2582 re
1021 2546 1218 2592 explicatur
1235 2558 1317 2583 011111
1335 2548 1521 2582 confestim
1541 2558 1622 2581 011111
1638 2546 1832 2582 Eunuchus

271 2595 452 2677 ἕτὲἓὲἓῑῖῗε
464 2594 652 2677 titii?
655 2592 1833 2678 §.effu³35333051‘333121220pm¹tzf0tp¹fat¹3⁸ssszff⁰z²³4gz

272 2688 419 2733 „Libros
442 2689 616 2735 inspexi‘ffi
657 2709 700 2715 —
739 2688 871 2724 Eodem
902 2689 1003 2724 modo
1035 2689 1192 2748 iudicare
1225 2689 1366 2725 videtur
1396 2689 1437 2724 R.
1463 2688 1629 2725 Kauerl.
1656 2699 1683 2724 s.
1710 2699 1737 2724 s.
1772 2690 1830 2733 (cf.

271 2746 379 2784 supra
401 2747 433 2782 p.
460 2736 507 2772 20
532 2737 610 2772 adn.
638 2736 710 2782 38).
