2067 3311
890 189 959 225 -.
1009 163 1064 208 14
1127 189 1181 198 -.

490 284 571 337 §L
607 283 671 326 Dc
702 284 1097 327 adversariorum
1132 286 1580 329 criminationlbus.

377 351 406 389 Ι.
434 350 497 390 De
523 352 907 392 contaminatione.

374 413 630 469 Priusquam
662 415 765 470 quid
796 426 851 456 ex
881 415 941 457 eis
972 414 1239 470 prologorum
1268 415 1384 469 locis,
1415 416 1570 471 quibus
1593 415 1811 459 Terentius

256 472 308 513 de
338 475 691 516 contaminatione
721 473 819 529 egit,
849 473 901 515 de
931 474 1077 516 ordine
1100 473 1335 516 fabularum
1362 482 1569 531 appareat,
1599 475 1810 518 examine-

255 544 363 584 mus,
394 544 659 586 quaeramus,
688 533 724 573 si
751 532 895 587 placet,
926 545 1033 586 quae
1057 533 1122 574 v1s
1147 533 1202 574 sit
1224 533 1412 574 subiecta
1436 535 1529 575 voci
1554 535 1811 583 contamina-

254 590 392 634 tionis.
439 589 747 646 Distinguenda
776 594 930 644 autem,
960 592 1119 646 opinor,
1149 594 1249 633 sunt
1279 591 1380 633 duo:
1411 595 1453 634 et
1484 592 1586 648 quid
1616 593 1671 635 sit
1700 605 1809 648 ,con-

255 650 470 691 taminare‘
508 653 549 692 et
586 650 687 704 quid
718 648 925 704 significet
954 650 1281 703 ,contaminare‘;
1313 651 1494 705 primum
1526 652 1654 706 igitur
1685 652 1736 694 de
1766 665 1811 694 re

254 708 345 762 ipsa
375 708 432 763 (h.
458 720 492 752 e.
518 709 619 762 quid
649 707 866 750 Terentius
896 707 1050 762 fecerit,
1081 721 1209 764 quam
1239 708 1292 750 ob
1323 721 1413 751 rem
1442 710 1578 764 iniqui
1606 711 1644 752 ei
1669 713 1810 753 conta-

254 768 527 808 minationem
569 768 735 809 crimini
778 767 1012 821 dederunt),
1053 767 1203 809 deinde
1246 767 1298 810 de
1338 768 1462 810 verbo
1499 769 1808 812 contaminandi

254 826 431 880 eiusque
462 826 623 880 origine
653 838 702 868 ac
732 827 775 866 vi
806 826 884 867 erit
915 826 1226 882 disputandum.

373 884 563 927 Primum
593 885 723 939 igitur
747 885 850 939 quid
874 887 929 927 sit
959 886 1278 940 ,contaminare‘,
1309 898 1395 928 non
1420 885 1589 929 difficile
1615 890 1677 929 est
1701 887 1809 929 diiu-

253 943 402 985 dicare.
468 942 639 985 Etenim
682 944 784 999 quid
826 943 986 998 fecerit,
1027 943 1247 986 Terentius
1289 945 1379 999 ipse
1421 945 1721 1000 spectatoribus
1762 947 1807 987 in

252 1002 440 1044 Andriae
475 1003 647 1057 prologo
680 1003 730 1056 (v.
760 1003 784 1044 9
816 1004 922 1057 sqq.)
954 1006 1145 1045 accurate
1177 1004 1361 1058 exponit.
1422 1002 1592 1046 Fatetur
1621 1005 1734 1046 enim
1764 1017 1809 1047 se

252 1073 306 1102 ex
345 1060 560 1102 Perinthia
597 1073 705 1116 quae
742 1062 1030 1115 convenerint,
1066 1062 1110 1102 in
1148 1062 1371 1115 Andriam,
1406 1061 1590 1103 fabulam
1620 1062 1808 1104 eiusdem

254 1118 489 1173 Menandri,
519 1119 784 1163 transtulisse
814 1124 940 1176 atque
970 1133 1097 1164 usum
1126 1133 1201 1176 pro
1232 1116 1335 1163 suis
1350 1133 1484 1176 eoque
1513 1123 1657 1177 magis,
1695 1121 1807 1177 quod

253 1184 432 1233 utraque
462 1179 606 1221 fabula
635 1180 672 1221 si
696 1180 837 1221 minus
862 1180 1006 1221 eadem
1033 1181 1219 1221 oratione
1243 1192 1291 1220 ac
1316 1180 1424 1233 stilo,
1454 1184 1635 1221 attamen
1661 1181 1807 1222 eodem

252 1242 500 1293 argumento
526 1241 644 1280 esset.
690 1237 784 1280 Hoc
809 1241 950 1281 autem
975 1238 1233 1280 adversarios
1257 1238 1379 1281 valde
1398 1239 1657 1294 vituperasse
1681 1242 1807 1294 atque

252 1298 557 1349 ,contaminare‘
603 1298 877 1352 appellavisse
917 1297 1136 1339 Terentius
1181 1297 1317 1341 addit..
1379 1297 1484 1339 Inde
1526 1297 1717 1352 efficitur,
1760 1301 1807 1340 ut

252 1356 557 1409 ,contaminare‘
595 1356 674 1398 hoc
709 1356 802 1398 loco
839 1356 949 1398 idem
987 1357 1042 1398 sit
1077 1361 1203 1411 atque
1237 1368 1313 1410 „ex
1344 1356 1428 1398 illis
1459 1356 1623 1399 duabus
1652 1356 1806 1398 fabulis

252 1415 421 1458 Graecis
451 1429 581 1458 unam
613 1414 803 1458 Latinam
835 1415 1004 1459 facere“.

367 1474 417 1516 Id
448 1487 547 1516 vero
579 1487 711 1516 unum
745 1476 889 1530 quaeri
920 1479 1065 1530 potest,
1096 1478 1240 1517 utrum
1269 1475 1435 1517 fabulae
1462 1474 1632 1530 Latinae
1663 1479 1803 1518 conta-

246 1534 475 1576 minatione
510 1534 643 1576 factae
679 1547 734 1575 ex
771 1534 936 1576 duabus
966 1537 1131 1576 tantum
1163 1533 1334 1576 Graecis
1365 1547 1419 1576 an
1451 1535 1577 1576 etiam
1607 1547 1662 1577 ex
1692 1548 1801 1577 com-

247 1592 440 1647 pluribus
471 1596 692 1635 contextae
722 1593 817 1634 sint.
878 1593 1025 1634 Altera
1056 1591 1211 1634 Donati
1240 1592 1370 1635 fuisse
1400 1593 1567 1635 videtur
1597 1595 1803 1636 sententia

249 1652 302 1694 ad
339 1652 525 1694 Andriae
560 1651 722 1707 prologi
759 1664 929 1694 versum
968 1651 1021 1693 16
1060 1652 1297 1695 adnotantis
1339 1652 1458 1694 haec:
1508 1653 1805 1706 „contaminari

248 1724 335 1752 non
372 1711 519 1753 decere
554 1713 581 1752 i.
607 1724 640 1752 e.
672 1723 727 1752 ex
765 1711 909 1752 multis
947 1724 1076 1752 unam
1115 1724 1201 1752 non
1237 1710 1382 1752 decere
1417 1711 1586 1753 facere“.
1646 1711 1802 1753 Tamen

249 1770 366 1811 nulla
396 1769 599 1811 habemus
629 1770 673 1810 in
699 1768 880 1824 prologis
905 1777 979 1812 aut
1003 1768 1211 1812 Plautinis
1235 1774 1308 1811 aut
1330 1769 1589 1812 Terentianis
1614 1771 1802 1825 vestigia,

249 1828 405 1883 quibus
428 1832 572 1883 poetas
595 1828 874 1883 complurium
896 1828 1147 1880 Graecarum
1172 1828 1410 1870 fabularum
1437 1832 1574 1883 partes
1600 1829 1802 1883 quasdam

248 1888 293 1929 in
336 1900 466 1929 unam
506 1886 693 1929 fabulam
737 1885 927 1929 Latinam
963 1886 1210 1930 conflavisse
1246 1887 1564 1930 demonstretur.
1634 1886 1803 1943 Ubique

248 1946 301 1989 de
332 1946 496 1988 duabus
526 1949 691 1988 tantum
720 1945 872 1988 fabulis
903 1946 1072 1989 Graecis
1103 1946 1230 1989 verba
1258 1946 1368 1989 fiunt
1398 1946 1465 2001 (cf.
1491 1946 1667 2003 Adelph.
1699 1948 1800 2003 prol.

248 2019 316 2048 vv.
339 2005 364 2047 6
391 2018 480 2061 sqq.
508 2030 562 2036 -
589 2004 697 2047 Eun.
721 2005 823 2061 prol.
844 2018 911 2046 vv.
935 2006 988 2048 30
1015 2018 1104 2061 sqq.
1132 2030 1186 2037 —
1213 2006 1343 2048 Andr.
1364 2006 1466 2061 prol.
1486 2019 1554 2048 vv.
1579 2007 1604 2048 9
1625 2007 1800 2063 sqq.).²⁸)

250 2064 532 2114 Quamobrem
569 2063 760 2106 Donatus
797 2069 941 2107 utrum
970 2077 1118 2107 verum
1153 2063 1371 2107 tradiderit
1404 2077 1554 2119 necne,
1588 2066 1632 2107 in
1664 2066 1801 2108 medio

247 2124 548 2179 relinquamus.
582 2122 755 2165 Minime
775 2135 874 2165 vero
887 2122 1091 2165 Nencinio
1113 2124 1153 2177 (l.
1167 2137 1198 2166 s,
1211 2136 1243 2165 s.
1261 2137 1301 2179 p.
1317 2124 1340 2165 1
1362 2125 1466 2179 sqq.)
1488 2124 1799 2166 assentiendum

247 2187 321 2238 est,
348 2184 422 2239 qui
447 2183 556 2225 hanc
580 2183 913 2224 criminationem
934 2194 1017 2223 non
1038 2180 1093 2224 ad
1112 2183 1242 2224 solam
1264 2183 1560 2236 oeconomiam,
1584 2182 1657 2224 sed
1676 2183 1799 2225 etiam

246 2243 299 2284 ad
336 2243 565 2284 sententias
603 2242 807 2296 quasdam
843 2242 911 2282 vel
947 2245 1165 2296 praecepta
1194 2242 1260 2282 vel
1290 2241 1438 2283 breves
1468 2241 1801 2284 narratiunculas

245 2315 270 2343 a
302 2305 509 2356 quotquot
539 2299 663 2342 libuit
694 2300 863 2342 Graecis
893 2299 1046 2341 fabulis
1075 2300 1224 2354 petitas
1254 2300 1460 2354 pertinere
1490 2300 1695 2350 censet.²⁴)

364 2359 527 2401 Deinde
541 2359 643 2413 quid
657 2358 864 2413 significet
877 2359 1067 2412 ,contami
1072 2359 1196 2411 nare‘,
1209 2358 1433 2412 quaeritur.
1448 2357 1637 2399 Verbum
1650 2362 1801 2412 ,conta-

245 2420 371 2462 mino‘
386 2433 410 2462 a
424 2418 685 2474 ,contamine‘
696 2417 828 2473 idque
838 2431 862 2460 a
875 2417 1014 2460 radice
1025 2417 1116 2473 ,tag‘
1128 2415 1404 2459 derivandum
1417 2428 1507 2459 esse
1517 2415 1800 2472 Grauortus25)

365 2536 408 2582 ²⁸)
439 2536 568 2573 Verbis
605 2547 694 2582 quae
731 2535 767 2570 in
804 2534 933 2571 Heaut.
971 2533 1112 2580 prologo
1144 2533 1193 2581 (v.
1227 2534 1285 2578 17)
1322 2532 1508 2577 „multas
1544 2534 1801 2571 contaminasse

245 2586 451 2629 Graecas,
476 2585 561 2619 dum
582 2584 669 2619 facit
693 2593 850 2627 paucas
868 2583 1075 2617 Latinas“
1101 2582 1278 2627 leguntur,
1304 2591 1417 2625 paene
1441 2580 1528 2615 nihil
1545 2581 1683 2625 probari
1707 2582 1802 2617 infra

245 2632 443 2668 accuratius
467 2632 650 2668 disseram.
676 2631 737 2674 (cf.
763 2642 796 2675 p.
823 2630 988 2674 33—35).

365 2679 406 2723 ²⁴)
433 2679 532 2713 Idem
557 2678 644 2713 dicit
668 2678 820 2712 Grauert
844 2677 865 2711 l.
884 2688 911 2713 s.
930 2688 958 2712 s.
977 2689 1009 2722 p.
1030 2677 1109 2711 192.
1134 2676 1215 2711 205.
1234 2695 1276 2700 —
1296 2675 1428 2710 Contra
1450 2675 1497 2709 cf.
1514 2675 1621 2709 Ihne:
1647 2676 1801 2720 quaesti-

246 2737 332 2763 ones
356 2726 589 2762 Terentianae
615 2725 721 2771 (Diss.
747 2725 863 2771 inaug.
890 2725 1034 2760 Bonnae
1063 2724 1168 2769 1843)
1193 2734 1227 2769 p.
1254 2722 1276 2759 6
1301 2732 1377 2768 sqq.

366 2773 407 2821 ²⁶)
432 2773 455 2810 l.
482 2784 509 2810 s.
535 2783 563 2810 s.
588 2784 622 2821 p.
652 2773 719 2810 116
743 2782 818 2820 sqq.
