2067 3311
868 101 1158 142 ..41-

238 221 443 263 fecerunt:
489 220 705 264 Terentius
725 267 727 269 ,
750 232 919 275 semper
963 219 1153 274 superior
1197 219 1386 261 discessit
1431 229 1661 273 omnesque
1702 216 1793 259 eius

238 279 407 323 fabulae
416 279 588 335 ,Hecyra
611 283 786 336 excepta
810 277 965 334 populo
982 277 1103 319 valde
1126 277 1383 333 placuerunt.
1432 275 1572 327 Quare
1592 277 1793 331 quoniam

240 352 285 380 se
327 340 415 381 suis
456 338 842 381 insimulationibus
883 337 1057 379 minime
1099 336 1300 391 effecisse,
1342 341 1390 379 ut
1424 336 1591 379 Terenti
1626 334 1793 377 fabulae

239 398 524 453 exigerentur,
559 398 695 453 iniqui
726 395 1033 449 intellexerant,
1070 395 1207 437 denuo
1238 396 1281 436 id
1311 396 1476 437 crimini
1506 396 1545 437 ei
1576 394 1793 446 dederunt,

241 457 353 512 quod
367 456 530 500 fabulas
545 470 630 499 non
646 458 747 512 ipse,
763 454 837 497 sed
853 453 905 496 ab
921 454 1162 496 hominibus
1178 453 1388 496 nobilibus
1401 455 1570 496 adiutus
1582 452 1791 496 scriberet.

357 515 438 558 Sed
469 517 512 557 in
544 515 670 558 rebus
701 515 972 570 apertissimis
1003 514 1182 555 nimium
1213 514 1329 568 longi
1359 526 1516 555 sumus.
1572 512 1621 554 Id
1651 513 1792 568 igitur,

241 575 352 629 quod
383 575 510 628 volui,
542 578 591 616 ut
621 572 986 628 comprehendam:
1025 572 1324 614 attendendum
1357 585 1447 614 esse
1476 576 1577 627 puto
1607 572 1789 626 primum

240 634 397 675 crimen
428 632 794 675 contaminationis
824 631 943 673 initio
973 634 1137 673 tantum
1162 643 1380 673 occurrere
1403 634 1528 686 atque
1552 644 1577 672 a
1599 629 1792 672 Terentio

239 693 283 733 in
322 692 486 735 duobus
516 692 617 734 solis
646 692 793 747 primis
822 690 1005 746 prologis
1035 690 1261 732 refutatum
1293 702 1403 742 esse3
1442 689 1591 732 deinde
1621 690 1792 743 crimen,

240 751 353 807 quod
389 752 441 794 ad
479 752 707 793 amicorum
741 750 947 792 auxilium
978 750 1176 805 pertinet,
1211 749 1276 791 bis
1306 748 1358 791 ab
1389 749 1640 791 adversariis
1670 761 1792 790 usur·

238 814 382 865 patum
413 823 523 852 esse:
556 810 753 865 primum,
787 810 1041 864 simulatque
1070 809 1244 861 Andria,
1280 809 1415 863 prima
1443 807 1609 850 Terenti
1638 806 1792 860 fabula,

237 868 412 925 probata
453 872 534 921 est3
579 872 669 910 tum
713 872 934 924 postquam
972 867 1208 920 Terentius,
1251 868 1413 908 etiamsi
1435 866 1793 922 quibuscumque

238 927 364 970 rebus
404 931 649 983 potuerunt,
693 928 732 969 ei
769 927 999 969 obtrectare
1036 927 1302 979 studuerant,
1345 930 1483 968 tamen
1522 926 1626 967 nihil
1660 937 1793 980 paene

238 987 321 1028 nisi
351 987 510 1041 palmas
541 986 820 1041 acceperat.⁹⁴)

531 1163 694 1227 Caput
731 1164 814 1210 IV:
853 1162 929 1215 De
966 1160 1211 1215 Andriae
1247 1162 1504 1227 prologo.

357 1268 562 1309 Andriam
606 1269 785 1323 primam
820 1267 987 1310 Terenti
1029 1267 1213 1309 fabulam
1252 1280 1343 1309 esse
1378 1268 1646 1322 primumque
1682 1280 1793 1308 anno

242 1326 325 1367 166
357 1325 413 1368 Μ.
439 1325 636 1368 Marcello
668 1326 711 1369 O.
753 1326 939 1382 Sulpicio
980 1339 1081 1368 coss.
1114 1332 1247 1368 actam
1280 1339 1372 1368 esse
1402 1331 1443 1367 et
1473 1339 1528 1367 ex
1558 1326 1794 1367 didascaliis

240 1390 281 1427 et
310 1398 365 1427 ex
393 1384 560 1428 Terenti
584 1386 672 1428 vita
702 1385 958 1428 Suetoniana
989 1389 1031 1428 et
1061 1398 1115 1428 ex
1142 1384 1298 1428 Donati
1328 1385 1582 1441 praefatione
1605 1384 1793 1427 Andriae

239 1445 463 1499 praemissa
499 1444 768 1486 manifestum
805 1448 868 1486 est
903 1457 1041 1499 neque
1079 1445 1215 1486 ullum
1251 1449 1387 1486 exstat
1423 1445 1666 1498 vestigium,
1708 1457 1792 1498 quo

238 1503 442 1545 Andriam
478 1502 671 1546 Terentio
708 1504 805 1546 vivo
842 1504 996 1546 iterum
1032 1508 1167 1546 actam
1204 1516 1294 1546 esse
1312 1534 1314 1536 .
1331 1503 1512 1545 dilucide
1549 1503 1791 1559 appareatl)

239 1562 331 1605 Hoc
368 1563 444 1605 etsi
480 1564 539 1604 ita
575 1575 620 1605 se
657 1562 800 1616 habet,
837 1567 975 1606 tamen
1017 1563 1219 1605 Andriam
1248 1562 1440 1605 Terentio
1474 1563 1570 1604 vivo
1600 1563 1789 1605 iteratam

239 1634 329 1664 esse
363 1620 562 1677 permulti
597 1623 679 1663 viri
715 1623 824 1665 docti
862 1626 1114 1677 putaverunt
1162 1622 1334 1677 prologo
1383 1622 1569 1663 Andriae
1610 1621 1791 1675 adducti,

240 1693 365 1736 quem
396 1681 448 1722 ad
479 1682 658 1735 primam
689 1683 789 1722 anni
825 1681 906 1722 166
937 1682 1140 1723 actionem
1172 1682 1380 1736 pertinere
1411 1686 1681 1735 negaverunt.
1726 1681 1792 1722 Ac

237 1739 421 1795 profecto
456 1739 674 1781 Terentius
716 1753 812 1781 cum
852 1739 1056 1793 fabulam,
1100 1752 1224 1794 quam
1265 1740 1487 1781 histriones
1525 1740 1659 1781 acturi
1696 1740 1792 1792 sint,

239 1811 391 1841 novam
423 1811 515 1841 esse
544 1799 588 1840 in
620 1799 769 1841 ceteris
799 1799 982 1854 prologis
1012 1799 1230 1855 perspicue
1256 1799 1366 1841 dicat
1390 1800 1576 1854 exceptis
1600 1798 1793 1853 Hecyrae

239 1858 432 1913 prologis,
463 1871 645 1913 quorum
674 1859 853 1913 priorem
884 1858 937 1900 ad
968 1859 1209 1913 secundam,
1244 1860 1513 1914 posteriorem
1544 1859 1598 1900 ad
1628 1859 1793 1900 tertiam

239 1916 431 1971 Hecyrae
473 1918 677 1959 actionem
721 1921 908 1973 spectare
943 1922 1066 1973 poeta
1101 1917 1337 1960 luculenter
1372 1918 1546 1969 indicat,
1588 1917 1795 1960 eiusmodi

239 1976 367 2017 verba
408 1977 453 2017 in
491 1976 680 2019 Andriae
721 1977 893 2032 prologo
935 1990 1107 2032 prorsus
1145 1978 1445 2019 desiderantur.
1513 1976 1794 2027 Quamobrem

239 2038 383 2076 utrum
413 2035 612 2089 prologus
643 2036 695 2076 ad
723 2037 902 2090 primam
925 2037 1130 2077 actionem
1156 2036 1398 2077 referendus
1422 2037 1477 2077 sit
1501 2049 1555 2077 an
1580 2037 1632 2077 ad
1657 2036 1795 2088 aliam,

240 2097 287 2136 ut
317 2106 630 2149 cognoscamus,
661 2093 754 2136 aliis
785 2094 912 2136 huius
941 2095 1105 2151 prologi
1128 2094 1231 2137 locis
1258 2094 1378 2136 nobis
1402 2095 1622 2136 nitendum
1648 2099 1721 2148 est,
1751 2094 1794 2135 id

241 2154 353 2207 quod
394 2154 518 2194 multi
553 2154 634 2194 viri
673 2154 784 2195 docti
821 2154 1020 2195 fecerunt.
1087 2152 1171 2196 Sed
1209 2156 1251 2195 in
1291 2155 1396 2196 duas
1432 2159 1570 2209 partes
1608 2155 1793 2196 virorum

240 2212 456 2253 doctorum
494 2212 572 2253 hac
609 2212 660 2253 de
698 2224 743 2254 re
779 2212 935 2269 iudicia
971 2212 1184 2254 abierunt:
1225 2212 1344 2254 alteri
1380 2212 1432 2253 ad
1469 2212 1633 2268 prologi
1668 2212 1795 2254 verba

241 2270 446 2325 quaedam
470 2275 817 2326 provocaverunt,
842 2284 951 2326 quae
976 2272 1097 2327 quasi
1122 2271 1301 2313 clamare
1317 2272 1561 2314 viderentur
1575 2271 1794 2327 prologum

239 2330 290 2370 ad
328 2331 597 2385 posteriorem
635 2331 841 2372 actionem
878 2332 1103 2386 pertinere,
1140 2332 1258 2372 alteri
1299 2335 1372 2372 aut
1412 2331 1570 2373 eisdem
1600 2335 1674 2372 aut
1703 2331 1796 2372 aliis

240 2389 341 2431 locis
364 2390 457 2431 nixi
481 2390 595 2431 hunc
619 2389 840 2445 prologum
863 2391 1022 2445 primae
1046 2391 1197 2432 actioni
1221 2390 1513 2432 attribuerunt.
1561 2389 1678 2440 Quae
1698 2403 1795 2432 cum

238 2449 298 2489 ita
326 2449 422 2503 sint,
458 2462 539 2491 non
573 2462 930 2504 supervacaneum
961 2455 1087 2504 atque
1117 2449 1267 2491 inutile
1297 2450 1467 2491 videtur
1498 2450 1635 2491 denuo
1666 2454 1794 2491 totam

358 2565 400 2610 ⁹⁴)
424 2565 617 2610 Perperam
640 2565 927 2601 Herrmanowski
950 2565 973 2600 1.
999 2575 1027 2601 s.
1053 2576 1081 2600 s.
1107 2577 1140 2611 p.
1166 2566 1211 2602 37
1238 2567 1298 2612 (cf.
1325 2567 1403 2601 adn.
1430 2566 1503 2613 20).

360 2612 388 2658 ¹)
412 2612 575 2648 Alterum
606 2613 667 2658 qui
696 2612 735 2648 in
763 2612 940 2648 codicibus
964 2612 1173 2658 quibusdam
1198 2614 1366 2659 traditur,
1398 2614 1533 2649 exitum
1559 2624 1630 2649 non
1653 2614 1797 2649 Terenti

239 2670 318 2696 esse
351 2661 498 2696 constat.
548 2660 595 2696 cf.
626 2660 800 2707 imprimis
830 2661 872 2695 A.
897 2660 1073 2696 Greifeld:
1107 2661 1184 2706 „De
1212 2661 1365 2697 Andriae
1390 2661 1625 2697 Terentianae
1656 2662 1796 2707 gemino

240 2707 373 2744 exituf‘
399 2708 492 2744 Diss.
518 2708 634 2755 inaug.
661 2707 825 2744 Halensis
841 2708 944 2745 1886.
