2067 3311
874 159 1162 200 —76-'·

240 286 342 316 esse.
404 274 496 317 Hoc
527 277 562 317 si
586 276 646 317 ita
670 280 744 329 est,
775 277 978 332 sequitur,
1008 282 1056 318 ut
1079 280 1224 332 poetae
1248 278 1340 332 ipsi,
1370 290 1454 319 non
1480 290 1556 334 per
1578 278 1793 319 dominum

239 334 396 388 gregis,
431 334 631 377 ludorum
661 336 925 378 curatoribus
955 336 1118 378 fabulas
1148 349 1246 378 suas
1277 336 1515 383 obtulerint.
1576 336 1667 380 Sed.
1687 336 1797 378 hanc

240 394 490 434 sententiam
521 393 670 435 falsam
701 406 792 436 esse
816 395 901 435 iam
927 394 1245 447 Kirchnerus⁸⁷)
1277 395 1587 437 demonstravit.
1647 395 1796 449 Neque

240 452 353 493 enim
397 464 452 494 ex
481 451 632 494 Horati
674 453 815 495 verbis
857 458 1048 509 apertum
1089 453 1181 495 fieri
1222 457 1387 509 poetam
1427 453 1480 499 de
1509 454 1662 496 fabulis
1692 454 1796 496 reci·

241 511 391 560 tandis,
436 524 545 566 quae
575 513 818 554 recitatione
848 513 1047 568 probatae
1085 513 1135 555 ad
1168 515 1374 555 actionem
1405 515 1640 555 scaenicam
1671 513 1796 555 desti—

241 574 455 629 narentur,
477 571 737 627 cogitavisse,
761 572 891 614 immo
916 573 1018 628 ipsis
1042 572 1259 629 particulis
1284 572 1548 614 disiunctivis
1573 571 1795 626 „nec·nec“

241 630 318 670 hoc
349 632 492 671 vetari.
554 630 799 672 Sermonem
831 633 961 685 igitur
991 644 1082 673 esse
1114 633 1288 673 minime
1318 632 1370 673 de
1399 631 1554 673 fabulis
1584 632 1797 682 scaenicis,

242 687 315 729 sed
348 687 399 730 de
430 689 523 730 aliis
548 694 786 745 poematum
818 688 1058 745 generibuS,
1090 703 1199 746 quae
1228 693 1420 746 poemata
1449 693 1595 746 poetae
1625 689 1797 746 quidam

241 749 479 800 recitarent,
516 753 565 790 ut
595 749 697 803 quid
734 749 867 803 Tarpa
904 750 1124 803 iudicaret,
1167 751 1453 805 comperirent.
1516 748 1795 798 Quamobrem

240 806 427 847 scholion
454 805 757 862 Cruquianum,
790 808 944 863 quippe
975 808 1086 863 quod
1118 808 1220 863 ipsis
1245 807 1393 849 Horati
1417 807 1556 850 verbis
1580 811 1797 863 repugnet,

240 869 354 918 patet
385 878 476 906 esse
507 867 776 908 reiciendum.

360 922 509 978 Neque
546 925 679 966 multo
716 925 836 966 aliter
872 929 935 966 est
970 925 1244 966 iudicandum
1282 925 1333 967 de
1370 926 1451 967 alio
1484 926 1592 978 loco,
1630 937 1714 979 quo
1746 924 1797 965 de
1830 931 1832 933 ’

240 981 374 1036 Tarpa
412 983 645 1025 litterarum
682 984 820 1026 iudice
852 984 979 1026 verba
1009 984 1129 1026 fiunt.
1190 984 1474 1034 Refertenim
1507 983 1650 1026 Cicero
1680 985 1797 1039 epist.

240 1040 292 1081 ad
330 1040 426 1083 fam.
459 1041 544 1083 Vll
578 1043 600 1083 1
642 1043 693 1084 de
729 1043 860 1096 ludis,
897 1056 1004 1098 quos
1040 1043 1266 1098 Pompeius
1304 1043 1511 1085 theatrum
1541 1055 1668 1084 suum
1698 1055 1796 1084 con-

241 1104 480 1141 secraturus
517 1114 628 1142 anno
659 1114 693 1142 a.
726 1115 766 1142 u.
798 1114 833 1143 c.
865 1101 951 1143 699
988 1102 1136 1154 edidit,
1173 1102 1293 1143 haec:
1333 1101 1478 1154 „nobis
1509 1105 1649 1142 autem
1680 1103 1799 1142 erant

241 1170 291 1198 ea
332 1159 618 1213 perpetienda,
661 1172 769 1214 quae
812 1160 881 1214 Sp.
913 1159 1117 1201 Maecius·
1140 1160 1422 1214 probaverat“.
1490 1159 1570 1201 Sed
1615 1159 1797 1214 primum

240 1216 340 1258 solis
378 1217 429 1259 de
465 1217 577 1260 ludis
608 1218 797 1274 Pompeii
833 1231 969 1261 sermo
1007 1223 1079 1261 est.
1142 1217 1303 1261 Deinde
1339 1231 1393 1260 ne
1430 1230 1486 1260 ex
1520 1218 1597 1260 hac
1627 1217 1796 1273 quidem

240 1288 297 1327 re,
329 1277 441 1330 quod
472 1276 606 1332 Tarpa
635 1277 798 1319 fabulas
830 1279 1099 1331 examinavit,
1130 1277 1310 1319 efficitur
1340 1281 1482 1332 poetas
1506 1278 1618 1332 ipsos
1641 1276 1798 1331 Tarpae

239 1333 404 1376 fabulas
435 1348 533 1377 suas
564 1336 777 1378 obtulisse.
828 1335 997 1378 Etenim
1026 1337 1100 1378 illa
1130 1349 1299 1391 quoque
1329 1340 1462 1378 aetate
1492 1335 1624 1377 nihilo
1654 1336 1797 1376 minus

240 1392 332 1434 fieri
369 1395 523 1448 potuit,
559 1399 608 1436 ut
645 1396 841 1437 dominus
876 1396 1015 1450 gregis
1051 1395 1214 1437 fabulas
1250 1409 1274 1437 a
1311 1395 1443 1450 poetis
1482 1397 1654 1447 emeret,
1692 1407 1798 1448 quos

241 1456 351 1506 tum,
389 1466 486 1494 cum
524 1453 614 1495 ludi
646 1453 889 1509 Pompeiani
928 1453 1158 1508 instabant,
1193 1454 1391 1495 ludorum
1429 1453 1582 1495 obtulit
1618 1453 1798 1494 curatori

241 1515 315 1551 aut
346 1513 396 1563 ei,
427 1514 496 1553 cui
526 1513 596 1554 hic
626 1513 789 1554 fabulas
820 1513 1031 1567 eligendas
1065 1517 1333 1555 concesserat.

359 1571 398 1611 4.
432 1569 626 1626 Denique
656 1571 708 1613 ad
740 1572 860 1625 hanc,
901 1584 1029 1626 quam
1058 1571 1205 1613 falsam
1236 1583 1326 1613 esse
1357 1583 1519 1625 censeo,
1550 1571 1797 1612 sententiam

240 1629 437 1671 accedere
479 1632 628 1684 possit,
672 1633 746 1685 qui
790 1643 931 1672 rerum
975 1630 1229 1673 Graecarum
1271 1631 1557 1672 scaenicarum
1594 1631 1797 1671 rationem

240 1687 394 1729 habere
425 1689 615 1731 voluerit.
677 1690 804 1745 Apud
838 1688 1018 1732 Graecos
1050 1690 1162 1731 enim
1192 1693 1339 1745 poetae
1367 1689 1448 1744 ipsi
1479 1688 1660 1741 fabulas,
1693 1701 1799 1742 quas

240 1747 285 1787 in
310 1747 471 1789 theatro
497 1749 565 1802 agi
586 1749 774 1804 cupiunt,
800 1749 851 1790 ad
874 1749 1103 1803 archontes,
1128 1749 1324 1791 ludorum
1346 1751 1570 1801 curatores,
1595 1747 1798 1789 deferunt.

242 1804 324 1855 Qui
354 1807 531 1848 traditas
561 1807 710 1863 legunt
740 1812 781 1850 et
812 1809 1067 1861 examinant,
1098 1808 1260 1863 eligunt
1284 1808 1444 1862 dignas,
1476 1819 1583 1861 quae
1608 1810 1798 1861 agantur,

241 1870 282 1906 et
318 1866 449 1920 poetis
486 1866 685 1921 choregos
722 1872 833 1909 sorte
873 1871 1033 1909 creatos
1069 1866 1326 1918 tribuunt.⁸⁸)
1388 1864 1525 1916 Quam
1561 1878 1650 1908 rem
1687 1865 1797 1921 apud

239 1923 452 1966 Romanos
498 1926 675 1967 similem
722 1926 851 1967 fuisse
897 1939 995 1967 cum
1041 1938 1093 1966 ne
1144 1939 1256 1967 unus
1299 1926 1468 1979 quidem
1513 1924 1797 1965 Romanorum

241 1983 418 2037 scriptor
448 1986 569 2025 vetus
601 1984 748 2037 tradat,
786 1996 841 2026 ne
872 1996 926 2025 ex
957 1985 1034 2026 hac
1066 1984 1235 2038 quidem
1267 1996 1312 2025 re
1343 1984 1570 2038 quicquam
1601 1983 1798 2037 colligen-

241 2040 343 2082 dum
374 2045 447 2083 est.

360 2099 490 2141 Nullo
532 2101 679 2155 igitur,
723 2105 769 2142 ut
813 2101 1181 2156 comprehendam,
1213 2101 1319 2145 loco
1336 2100 1571 2142 necessario
1608 2099 1800 2152 efficitur,

244 2161 292 2200 ut
328 2162 448 2214 poeta
485 2161 587 2215 ipsis
624 2173 720 2203 cum
752 2160 950 2202 ludorum
981 2159 1244 2202 curatoribus
1276 2162 1535 2201 contractum
1566 2157 1617 2200 de
1646 2157 1800 2200 fabulis

241 2218 473 2260 vendendis
493 2220 647 2261 fecerit.
691 2219 830 2269 Quare
852 2221 1188 2261 intercesseritne
1210 2220 1381 2259 omnino
1398 2219 1614 2271 negotium
1630 2218 1799 2271 aliquod

240 2277 350 2318 inter
370 2281 535 2332 poetam
557 2282 598 2319 et
618 2278 773 2320 aediles
795 2290 939 2331 neone,
965 2276 1261 2319 difficillimum
1282 2280 1345 2318 est
1365 2275 1604 2317 diiudicare.
1647 2274 1801 2317 Contra

241 2348 295 2376 ex
331 2337 476 2378 multis
512 2338 615 2378 locis
653 2338 877 2379 didicimus
914 2339 1080 2391 poetam
1118 2349 1216 2377 cum
1253 2336 1421 2377 domino
1451 2336 1591 2389 gregis
1622 2336 1800 2389 negotiis

238 2395 516 2435 coniunctim1
558 2396 697 2436 fuisse.
767 2395 860 2436 Hoc
901 2396 1030 2447 igitur
1070 2407 1146 2448 pro
1188 2395 1417 2435 certissimo
1463 2393 1701 2434 habendum
1738 2397 1799 2433 est

241 2465 330 2494 eam
365 2455 583 2507 rationem,
614 2454 665 2495 de
697 2467 781 2510 qua
810 2453 1030 2509 permultis
1057 2452 1159 2495 locis
1184 2454 1409 2495 memoriae
1433 2452 1623 2503 traditur,
1653 2452 1688 2493 si
1714 2464 1797 2493 non

240 2525 421 2567 semper,
464 2518 646 2555 attamen
689 2515 937 2568 plerumque
979 2526 1061 2554 usu
1098 2514 1274 2555 venisse.
1334 2510 1436 2553 Huc
1473 2512 1650 2564 accedit,
1688 2512 1799 2566 quod

240 2572 395 2614 aediles
426 2585 524 2614 cum
555 2573 657 2627 ipsis
688 2573 821 2627 poetis
852 2572 903 2613 de
933 2571 1087 2631 fabulis
1118 2571 1306 2614 emendis
1331 2570 1563 2612 vendendis
1589 2572 1723 2625 egisse
1750 2582 1801 2610 ne

361 2664 404 2709 ⁸⁷)
429 2677 463 2701 v.
489 2665 681 2702 Kirchneri
706 2665 761 2701 ed.
787 2664 872 2700 Hor.
898 2675 1004 2700 serm.
1030 2664 1067 2700 II
1095 2665 1111 2699 1
1139 2675 1172 2710 p.
1198 2665 1267 2700 353
1293 2674 1368 2710 sqq.
1395 2663 1502 2710 (Lips.
1531 2664 1710 2709 1854157).

362 2713 404 2757 ⁸²³)
431 2713 652 2748 Oehmichen
677 2712 699 2747 1.
726 2722 754 2747 s.
780 2722 808 2747 S.
835 2712 856 2755 ξ
885 2712 927 2747 19
954 2713 991 2747 et
1015 2712 1036 2756 ξ
1061 2711 1119 2746 22.
1145 2731 1189 2738 -
1216 2714 1258 2746 A.
1284 2710 1431 2746 Miiller:
1458 2711 1524 2755 „K.
1544 2711 1580 2746 F.
1598 2710 1801 2746 Hermanns

238 2761 371 2806 griech.
397 2760 667 2806 Antiquitateffl
694 2759 749 2795 III
774 2759 796 2793 2
822 2770 854 2805 p.
880 2760 951 2795 330
976 2770 1051 2805 sqq.
1079 2760 1116 2794 et
1139 2769 1173 2805 p.
1199 2759 1270 2795 350
1295 2769 1346 2804 sq.
