2067 3311
834 117 883 123 ,-
949 92 1122 135 57-

204 208 322 252 Duas
350 211 481 265 igitur
510 222 578 252 res
603 221 649 252 se
672 209 979 252 demonstrasse
1001 212 1165 265 poetam
1191 209 1345 261 dicere3
1378 222 1524 257 unam:
1557 208 1752 263 ,fabulam

201 280 354 310 novam
370 268 486 321 esse‘,
516 268 560 309 id
591 268 704 322 quod
730 280 853 310 versu
868 268 897 309 4
921 267 1080 310 factum
1108 272 1235 320 esset;
1268 268 1442 310 alteram
1474 280 1607 323 „quae
1621 269 1752 310 esset“

202 326 241 368 h.
267 339 302 368 e.
327 326 488 381 „qualis
511 326 655 380 esset“,
677 326 722 368 id
746 326 863 381 quod
884 326 1022 369 adhuc
1046 339 1130 369 non
1154 326 1311 368 factum
1335 329 1445 368 esset
1464 326 1546 368 nisi
1566 338 1691 368 versu
1713 325 1752 368 6.

202 384 351 440 Itaque
374 397 472 426 cum
492 397 640 427 versus
664 385 777 426 7-9
802 397 946 427 revera
970 384 1023 427 ad
1044 384 1512 427 Heautontimorumeni
1532 385 1752 440 prologum

202 445 408 499 pertinere
425 456 541 486 nunc
552 447 771 498 constaret,
795 445 927 500 sequi,
951 450 1000 486 ut
1023 445 1149 486 etiam
1173 457 1320 486 versus
1346 444 1372 485 6
1396 445 1609 499 genuinus
1631 447 1753 485 esset.

203 500 343 553 Quare
374 503 574 558 quoniam
605 515 773 546 versum
804 504 1087 546 necessarium
1116 515 1206 546 esse
1237 504 1530 558 cognovimus,
1567 515 1753 558 quonam

201 562 326 604 modo
361 562 566 617 legendus
602 563 673 617 sit,
708 562 938 620 videamus.
1005 561 1362 605 Proficiscendum
1399 566 1461 604 est
1499 576 1524 604 a
1560 562 1749 604 codicum

200 619 396 663 lectione:

413 679 548 721 codex
584 680 624 721 A
659 679 848 721 exhibet:
893 678 1089 735 „Duplex
1125 692 1234 734 quae
1270 692 1326 721 ex
1361 682 1610 733 argumento
1645 679 1754 721 facta

748 741 812 780 est
841 737 1034 794 duplici“·
1051 737 1296 794 („simplici“
1329 750 1433 780 corr.
1463 750 1615 780 manus
1644 738 1753 791 rec.).

402 798 527 839 ceteri
534 797 670 839 codd.:
685 795 883 851 „Duplex
898 809 1007 852 quae
1019 809 1075 838 ex
1086 800 1333 852 argumento
1345 797 1453 839 facta
1464 801 1528 839 est
1539 797 1753 852 simplici“.

201 854 353 911 Neque
374 867 472 898 vero
494 854 670 897 dubium
690 858 763 911 est,
788 856 893 911 quin
918 855 1135 911 „duplici“,
1160 855 1272 911 quod
1288 856 1404 911 prior
1424 868 1576 898 manus
1599 855 1755 898 codicis

201 914 397 956 Bembini
420 914 602 969 praebet,
625 914 723 956 ferri
744 927 829 956 non
844 916 986 969 possit,
1011 927 1096 969 quo
1110 914 1323 957 violentur
1337 918 1555 969 praecepta
1571 915 1753 957 metrica.

204 970 298 1023 Qua
328 972 379 1016 de
408 985 536 1015 causa
565 985 736 1029 prorsus
766 976 867 1015 sunt
889 972 1122 1015 reiciendas
1146 973 1224 1015 hae
1247 973 1466 1015 lectiones:
1498 977 1541 1014 et
1570 973 1754 1029 „duplex

203 1045 310 1087 quae
340 1045 395 1074 ex
424 1035 670 1087 argumento
699 1032 807 1074 facta
836 1036 899 1074 est
929 1032 1108 1087 duplici“
1139 1034 1203 1085 (ut
1234 1032 1438 1086 Guyet,¹⁸)
1469 1032 1753 1087 Bipontini,¹⁴)

203 1089 441 1145 Donner,1⁸)
467 1090 696 1145 Benfey‚¹⁶)
720 1089 957 1146 Kampe¹⁷))
986 1094 1029 1133 et
1059 1091 1263 1147 „simplex
1293 1103 1402 1146 quae
1426 1103 1481 1133 ex
1505 1094 1753 1146 argumento

202 1149 311 1191 facta
340 1152 407 1191 est
436 1149 617 1205 duplici“
648 1152 711 1203 (ut
739 1148 944 1205 Tanaquil
974 1148 1173 1204 Faber,¹⁸)
1206 1150 1466 1204 Bentley¹⁹)).

322 1206 492 1250 Certum
532 1208 663 1263 igitur
704 1211 766 1250 est
806 1220 954 1250 versus
996 1209 1158 1250 exitum
1201 1208 1328 1250 verbo
1373 1209 1598 1263 „simplici“
1644 1207 1754 1251 effici

205 1278 375 1308 necesse
405 1279 506 1308 esse.
567 1267 625 1308 At
655 1268 827 1321 quinam
858 1267 913 1308 sit
942 1279 1093 1309 sensus
1122 1267 1252 1309 huius
1282 1280 1441 1321 versus,
1472 1280 1557 1321 quo
1587 1267 1754 1308 facilius

203 1325 516 1382 perspiciamus,
545 1339 570 1368 a
599 1324 808 1368 facillimis
838 1325 1053 1369 ordiamur
1082 1328 1252 1382 oportet.

321 1385 450 1425 Poeta
491 1386 591 1425 dicit
632 1384 816 1425 fabulam
857 1385 1010 1426 factam
1052 1398 1143 1426 esse
1182 1398 1239 1426 ex
1275 1389 1527 1438 argumento
1564 1386 1755 1439 simplici.

203 1441 370 1486 Scimus
406 1445 547 1486 autem
583 1441 747 1486 fabulas
777 1441 1067 1486 Romanorum
1095 1442 1287 1500 palliatas
1316 1456 1372 1486 ex
1401 1442 1554 1486 fabulis
1585 1442 1755 1486 Graecis

202 1512 437 1554 conversas,
468 1515 561 1554 non,
582 1505 800 1556 poetarum
833 1502 1077 1557 Latinorum
1103 1504 1273 1556 ingenio
1302 1502 1421 1544 fictas
1451 1516 1551 1545 esse.
1590 1502 1755 1557 Perspi-

203 1572 331 1603 cuum
374 1561 503 1617 igitur
544 1563 607 1604 est
648 1560 727 1604 hoc
766 1560 859 1603 loco
902 1561 1220 1616 ‚argumentum‘
1256 1561 1463 1616 pertinere
1499 1561 1553 1603 ad
1587 1560 1755 1603 fabulae

205 1619 386 1661 Graecae
416 1623 722 1674 argumentum,
752 1621 811 1661 ita
841 1624 889 1661 ut
913 1633 991 1673 „ex
1014 1624 1261 1674 argumento
1285 1621 1463 1675 simplici
1487 1620 1617 1662 facta“
1641 1621 1753 1662 idem

203 1679 258 1721 sit
273 1694 275 1696 ·
293 1681 419 1734 atque
456 1690 534 1733 „ex
570 1676 711 1720 fabula
743 1677 900 1721 Graeca
935 1678 1151 1734 simplici“.
1212 1676 1429 1728 Quaenam
1457 1690 1582 1734 porro
1612 1677 1755 1721 fabula

205 1737 362 1779 Graeca
391 1741 465 1778 aut
494 1740 558 1779 est
587 1740 660 1778 aut
689 1737 888 1792 appellari
917 1740 1053 1792 potest
1083 1736 1337 1792 „simplex“?
1397 1737 1497 1779 Vox
1527 1738 1753 1792 ,‚simplex“

204 1796 308 1839 duas
344 1794 667 1851 significationes
702 1795 844 1850 habet,
881 1799 955 1838 aut
989 1797 1218 1852 propriam,
1252 1797 1311 1838 ita
1348 1799 1395 1839 ut
1425 1797 1518 1838 voci
1548 1796 1753 1852 „duplex“

204 1859 452 1910 opponatur,
489 1858 563 1896 aut
598 1854 860 1908 translatam,
898 1856 955 1896 ita
990 1859 1040 1897 ut
1073 1855 1159 1897 fere
1195 1855 1307 1897 idem
1337 1857 1392 1897 sit
1421 1859 1548 1911 atque
1578 1855 1754 1897 verbum

203 1913 428 1967 „unus“.²⁰)
490 1911 680 1963 Quarum
711 1914 931 1955 notionum
962 1914 1000 1955 si
1028 1914 1298 1968 posteriorem
1330 1914 1575 1969 recipimus,
1606 1927 1756 1956 sensus

138 2023 140 2026 ι
202 1972 425 2014 verborum
469 1973 600 2026 „facta
641 1984 696 2014 ex
738 1975 985 2027 argumento
1021 1972 1224 2028 simplici“
1261 1973 1299 2014 h.
1336 1985 1371 2014 e.
1409 1973 1541 2027 „facta
1577 1985 1633 2015 ex
1668 1986 1757 2015 una

201 2030 345 2073 fabula
389 2029 568 2073 Graeca“
610 2031 794 2072 maxime
836 2032 1083 2086 perspicuus
1125 2035 1198 2073 est.
1261 2031 1342 2074 Sed
1386 2032 1490 2086 quid
1532 2031 1613 2074 sibi
1656 2032 1757 2073 velit

202 2089 419 2146 „duplex“,
449 2103 535 2133 non
565 2089 831 2145 intellegitur.
878 2088 954 2133 Sin
984 2093 1123 2133 autem
1154 2091 1335 2147 priorem
1367 2091 1579 2133 notionem
1607 2091 1756 2147 recipi-

201 2162 314 2204 mus,
345 2161 484 2205 neque
501 2161 622 2205 -quae
650 2149 793 2192 fabula
824 2149 982 2192 Graeca
1012 2149 1259 2205 „simplex“,
1289 2162 1427 2204 neque
1463 2162 1572 2205 quae
1608 2149 1757 2192 Latina

202 2209 406 2264 „duplex“
437 2208 642 2264 appellata
672 2209 744 2262 sit,
780 2209 824 2249 in
855 2213 1053 2264 promptu
1083 2214 1156 2250 est.
1218 2208 1305 2250 Nec
1334 2210 1503 2262 mirum,
1534 2209 1647 2263 quod
1678 2209 1756 2251 hac

151 2263 157 2269 '
203 2267 255 2309 de
284 2279 330 2310 re
361 2267 464 2323 quid
494 2266 768 2309 iudicandum
798 2267 864 2321 sit,
895 2268 976 2308 viri
1007 2267 1117 2309 docti
1140 2267 1263 2309 valde
1286 2268 1397 2309 inter
1421 2280 1466 2310 se
1490 2268 1755 2309 dissentiunt.

322 2359 366 2404 ¹⁸)
392 2359 523 2404 Guyeti
546 2359 760 2394 sententiam
784 2359 932 2404 cognovi
957 2369 1004 2394 ex
1028 2359 1156 2394 Fabiae
1180 2359 1316 2404 librop
1319 2360 1400 2395 ,18
1423 2371 1459 2394 ιι.
1484 2361 1518 2395 3.

321 2406 364 2474 ζ)
389 2406 436 2443 cf.
461 2405 681 2443 Schmiederi
704 2405 787 2442 edit.
814 2405 907 2443 1794
930 2405 1071 2453 (Halia).

321 2453 366 2499 ¹)
388 2455 435 2490 cf.
461 2454 726 2500 Venedigemm
748 2454 787 2489 in
811 2454 926 2490 annal.
951 2464 1033 2490 nov.
1058 2454 1179 2500 philol.
1205 2455 1288 2492 CIX
1314 2455 1435 2501 (1874)
1459 2466 1493 2500 p.
1522 2456 1600 2491 135.

321 2501 363 2546 ¹⁶)
388 2501 434 2536 cf.
461 2500 770 2547 Venedigeruml.
796 2511 824 2536 s.
849 2511 878 2536 s.

322 2548 398 2595 ¹),
402 2547 479 2591 ,Die
514 2547 713 2595 Lustspiele
755 2548 819 2584 des
854 2548 990 2585 Terenz
1032 2549 1107 2585 und
1142 2549 1220 2585 ihre
1256 2549 1504 2596 griechischen
1540 2548 1754 2596 Originale‘fl

204 2597 327 2642 progr
317 2607 386 2688 ¹¹)v
389 2595 786 2679 cisalSchmbersigddieriSJdit.
885 2642 928 2687 ¹⁹)
952 2643 995 2678 In
1020 2643 1161 2679 Bentlei
1186 2643 1269 2679 edit.
1295 2643 1407 2679 altera
1431 2643 1570 2689 Lipsiae
1597 2644 1701 2680 1791.

320 2691 363 2737 ²⁰)
388 2691 435 2726 cf.
461 2691 549 2727 Leo:
574 2690 675 2727 Anal.
700 2690 814 2727 Plaut.
840 2690 962 2737 (1898)
986 2702 1019 2738 p.
1044 2691 1090 2727 22
1115 2702 1169 2737 sq.
