2067 3311
909 116 1231 183 427—.

490 254 666 299 Habeo
696 256 796 298 alia
825 254 1002 308 multa,
1033 265 1141 309 quae
1172 265 1289 295 nunc
1317 252 1634 304 condonabitur,

493 314 611 365 Quae
640 315 906 371 proferentur
932 315 1039 369 post,
1068 312 1106 354 si
1134 315 1277 367 perget
1306 312 1481 366 laedere,

493 373 559 416 Ita
588 376 640 416 ut
666 373 803 416 faeere
825 371 1043 414 instituit.“
1094 420 1096 423 ¹

400 432 442 484 4)
473 432 639 475 Phorm.
671 433 753 485 (vv.
789 430 941 487 19s233
973 430 1178 485 imprimis
1203 442 1241 470 v,
1274 431 1328 471 22
1360 432 1454 485 sq.):

491 490 585 544 „De
613 490 705 533 illo
736 491 832 532 iam
861 489 1016 531 finem
1045 488 1225 531 faciam
1258 488 1465 530 dicundi
1495 488 1635 541 mihi,

494 549 701 592 Peccandi
732 561 860 605 quom
891 548 980 603 ipse
1010 547 1062 589 de
1091 559 1136 590 se
1164 546 1291 590 finem
1323 560 1408 589 non
1438 546 1590 590 facit?“

399 608 449 650 In
479 609 615 650 tribus
637 607 938 664 posterioribus
961 606 1144 662 prologis
1168 619 1264 648 cum
1290 619 1335 649 se
1358 606 1482 662 plura
1506 605 1574 648 vel
1589 604 1723 647 multa
1753 603 1837 646 alia

281 666 544 721 prolaturum
569 679 660 709 esse
686 668 809 722 poeta
833 665 954 719 dicat,
984 666 1187 721 sequitur,
1216 669 1266 707 ut
1290 665 1341 707 de
1361 666 1697 707 adversariorum
1721 663 1836 705 vitiis

281 728 403 768 antea
432 726 561 768 verba
595 725 758 777 fecerim
799 724 952 766 obiecit
988 729 1128 766 autem
1165 728 1286 779 poeta
1322 724 1570 766 adversariis
1607 722 1761 779 probra
1789 722 1834 762 in

280 784 439 826 eisdem
468 784 652 840 prologis
682 782 849 837 (Heaut.
874 783 976 838 prol.
1001 796 1041 826 v.
1068 784 1123 825 30
1149 795 1252 838 sqq.,
1282 782 1390 824 Eun.
1417 796 1455 825 v.
1483 782 1506 823 7
1532 795 1637 837 sqq,
1667 780 1834 823 Phorm.

279 856 318 885 v.
337 843 362 884 6
385 844 504 899 sqq).
549 841 703 885 Contra
722 843 766 884 in
789 842 977 884 Andriae
995 841 1167 898 prologo
1186 841 1417 895 Terentius,
1442 842 1520 883 etsi
1539 843 1762 896 postquam
1783 838 1835 880 ab

281 902 618 944 adversariorum
649 902 827 943 crimine
855 913 900 943 se
931 901 1128 952 defendit,
1159 912 1205 943 se
1234 913 1380 942 eorum
1411 912 1582 956 quoque
1605 900 1709 941 vitia
1735 911 1836 940 mox

281 961 542 1015 prolaturum
573 972 665 1002 esse
689 961 885 1014 minatur,
908 964 1048 1002 tamen
1075 972 1160 1002 non
1180 960 1269 1014 ipse
1300 959 1556 1015 aggreditur;
1582 959 1685 1013 quin
1710 957 1835 999 etiam

282 1031 337 1060 ex
374 1020 439 1061 his
476 1018 615 1061 verbis
651 1020 705 1071 (v.
738 1019 792 1059 22
825 1019 901 1073 sq.)
939 1018 1155 1073 „desinant
1189 1019 1298 1060 male
1335 1018 1492 1071 dicere,
1531 1017 1747 1059 malefacta
1783 1028 1837 1058 ne

283 1081 458 1120 noscant
470 1078 570 1119 eua“
596 1077 779 1119 dilucide
804 1088 1002 1132 apparere
1025 1077 1129 1118 mihi
1152 1076 1321 1118 videtur
1342 1076 1581 1118 Terentium
1604 1088 1675 1117 eos
1699 1086 1837 1130 usque

281 1137 334 1177 ad
379 1136 486 1178 illud
532 1140 700 1191 tempus
743 1137 914 1177 omnino
951 1148 1037 1177 non
1073 1148 1316 1191 aggressum
1354 1148 1455 1177 esse.
1522 1133 1616 1176 Hoc
1653 1134 1690 1176 si
1726 1136 1837 1176 recte

281 1193 580 1249 conclusimus,
611 1196 816 1249 sequitur,
847 1198 895 1236 ut
919 1195 1105 1236 Andriae
1129 1194 1326 1249 prologus
1356 1195 1505 1235 ceteris
1534 1193 1669 1235 tribus
1699 1191 1836 1247 prolo-

281 1254 346 1309 gis
376 1254 578 1296 anteierit.

399 1312 489 1355 Neo
518 1325 619 1355 vero
649 1313 701 1354 de
724 1310 915 1354 Andriae
945 1313 1069 1354 modo
1101 1312 1284 1367 prologo,
1315 1313 1388 1360 sed
1419 1313 1544 1353 etiam
1575 1311 1628 1353 de
1657 1311 1837 1353 aliorum

284 1371 553 1428 prologorum
585 1372 731 1415 ordine
755 1384 810 1414 ex
840 1372 906 1414 his
930 1371 1033 1414 locis
1057 1372 1139 1413 viri
1162 1371 1273 1414 docti
1298 1371 1457 1427 aliquid
1488 1370 1835 1413 enucleaverunt:

283 1431 414 1473 veluti
456 1430 817 1474 Paeckelmannus
863 1431 907 1487 (1.
945 1443 976 1472 s.
1016 1444 1047 1473 s.
1074 1445 1112 1487 p.
1144 1431 1219 1483 45)
1260 1432 1320 1472 ita
1362 1431 1659 1472 ratiocinatur:
1707 1428 1838 1483 „Tum

282 1489 500 1532 Terentius
529 1490 574 1531 in
605 1489 815 1532 Eunuchi·
836 1491 1008 1545 prologo
1039 1491 1096 1542 (v.
1124 1490 1196 1544 16)
1227 1493 1412 1531 minatur
1444 1490 1573 1531 veteri
1603 1492 1762 1545 poetae,
1792 1493 1840 1530 ut

285 1549 448 1590 desinat
477 1548 696 1602 lacessere,
726 1552 767 1591 et
797 1549 897 1591 dicit
926 1561 972 1591 se
994 1549 1128 1592 multa
1152 1549 1235 1591 alia
1264 1548 1427 1602 habere,
1459 1561 1568 1604 quae
1597 1548 1838 1604 prolaturus

285 1608 341 1650 sit
370 1611 481 1664 post,
511 1608 548 1650 si
577 1611 723 1663 pergat
751 1607 925 1650 laedere.
986 1606 1042 1649 Et
1071 1607 1140 1650 hic
1171 1608 1341 1664 quidem
1371 1609 1556 1664 perrexit
1584 1607 1767 1657 laedere,
1797 1611 1838 1649 et

282 1666 503 1709 Terentius
533 1666 690 1722 profert
719 1667 792 1709 illa
821 1668 867 1708 in
899 1667 1164 1709 Phormionis
1192 1667 1366 1723 prologo
1397 1668 1452 1721 (v.
1485 1667 1510 1707 6
1542 1667 1659 1722 sqq.),
1690 1666 1834 1708 eodem

282 1726 368 1767 fere
398 1726 521 1768 modo
558 1738 606 1767 ac
636 1726 792 1781 profert
822 1727 865 1767 in
900 1725 1098 1767 Eunuchi
1127 1726 1299 1781 prologo
1329 1726 1386 1781 (v.
1420 1727 1468 1766 ll
1499 1728 1604 1781 sqq.)
1635 1725 1692 1778 id,
1722 1725 1835 1780 quod

282 1785 327 1825 in
373 1783 840 1827 Heautontimorumeni
889 1784 1062 1840 prologo
1111 1782 1164 1840 (v.
1203 1785 1258 1826 33
1296 1784 1374 1839 sq.)
1425 1785 1609 1826 minatus
1658 1784 1835 1836 erat.“⁵⁸)

283 1842 376 1884 Hoc
406 1855 461 1884 ex
491 1843 556 1884 his
586 1842 690 1884 locis
720 1843 915 1885 concludi
944 1855 1067 1898 posse
1087 1856 1214 1896 nego3
1247 1855 1386 1898 neque
1415 1844 1528 1885 enim
1560 1843 1836 1885 demonstrari

281 1905 417 1957 potest
446 1902 548 1944 haec
577 1902 680 1957 ipsa,
710 1914 818 1957 quae
840 1900 1060 1944 Terentius
1091 1901 1208 1944 verbi
1238 1915 1364 1944 causa
1395 1903 1439 1943 in
1465 1901 1837 1944 Heautontimoru-

282 1962 394 2003 meni
425 1961 595 2016 prologo
625 1962 830 2014 minatur,
866 1973 916 2003 ea
946 1974 1056 2015 esse,
1097 1974 1205 2017 quae
1234 1962 1278 2003 in
1312 1960 1510 2004 Eunuchi
1541 1962 1712 2017 prologo
1742 1974 1837 2017 pro-

280 2019 369 2062 fert.
437 2018 530 2062 Hoc
565 2019 689 2062 modo
737 2031 1049 2076 quemcumque
1093 2021 1362 2077 prologorum
1403 2021 1591 2062 ordinem
1629 2021 1839 2074 statueris,

283 2092 382 2121 eum
414 2092 563 2122 verum
594 2092 685 2122 esse
706 2079 923 2122 ostendere
951 2081 1117 2136 poteris.
1172 2079 1284 2122 Hinc
1305 2081 1435 2135 igitur
1459 2079 1565 2122 nihil
1585 2079 1839 2136 proficimus,

285 2151 370 2193 quo
401 2139 502 2180 ordo
533 2138 770 2180 fabularum
802 2139 1052 2181 inveniatur.

283 2234 308 2286 ξ
345 2234 381 2275 5.
435 2233 500 2274 De
531 2235 605 2275 eis
639 2233 953 2286 prologos-um
984 2233 1124 2284 loeis,
1155 2233 1344 2286 quibus
1368 2233 1623 2276 Terentius
1655 2234 1718 2276 de
1743 2245 1838 2275 suo

787 2292 989 2345 prologo
1021 2293 1168 2334 verba
1200 2293 1334 2334 faciit.

400 2372 451 2414 In
482 2373 618 2416 tribus
648 2374 832 2430 prologis
863 2375 914 2416 de
945 2387 1022 2417 suo
1042 2375 1311 2431 prologorum
1342 2375 1656 2417 scribendorum
1686 2387 1840 2430 genere

280 2432 498 2474 Terentius
529 2432 657 2475 verba
686 2432 801 2476 facit:
839 2435 883 2475 in
914 2434 1113 2489 Andriae,
1146 2434 1422 2488 Phormionis,
1453 2434 1676 2489 Adelphon
1700 2434 1838 2490 prolo-

400 2548 443 2594 ⁵⁸)
468 2548 638 2585 Similiter
662 2551 860 2586 Karstenus
883 2551 906 2586 l.
931 2562 959 2586 s.
984 2561 1012 2586 s.
1035 2562 1069 2596 p.
1092 2551 1181 2586 221:
1207 2550 1288 2596 „Sic
1313 2550 1428 2597 aliquo
1453 2550 1595 2587 vinculo
1619 2551 1731 2588 iuncti
1756 2554 1841 2587 sunt

282 2597 319 2631 hi
343 2597 413 2632 duo
437 2595 572 2642 prologi
596 2597 686 2642 (scil.
702 2598 859 2633 Andriae
878 2600 915 2633 et
930 2598 1124 2643 Eunuchi);
1149 2609 1266 2642 neque
1291 2598 1359 2634 hoc
1382 2599 1533 2640 tantum,
1558 2599 1622 2634 sed
1640 2609 1683 2634 eo
1700 2610 1839 2644 quoque

282 2644 374 2689 quod
404 2642 616 2679 minationes
644 2644 792 2681 iactatas
822 2644 858 2680 in
890 2645 1045 2680 Andriae
1077 2644 1165 2690 prol.
1191 2644 1237 2680 22
1270 2645 1460 2691 exequitur
1488 2645 1526 2680 in
1556 2646 1719 2681 Eunuchi
1750 2646 1838 2690 prol.

281 2702 315 2726 v.
342 2690 364 2727 9
390 2701 485 2772 sqq.,l
507 2689 568 2725 ubi
598 2690 933 2775 Lusc39tabular1m1
959 2692 1046 2728 vitia
1070 2693 1339 2728 recensentur.“
1365 2713 1402 2719 —
1436 2693 1482 2727 cf.
1509 2703 1647 2738 quoque
1672 2692 1839 2729 Paeekel-

281 2749 449 2774 mannum
489 2766 495 2773 .
522 2748 550 2773 s.
576 2748 603 2773 s.
629 2750 662 2783 p.
739 2767 746 2774 .
