2067 3311
833 100 1124 145 ...31.-

203 215 404 260 discimus
432 215 681 259 Ambivium
711 216 896 273 aliquam
925 217 1085 274 copiam
1116 216 1354 261 fabularum
1385 228 1592 259 novarum
1622 215 1755 282 pretio

202 275 344 318 statim
372 275 510 317 soluto
540 275 702 329 emisse,
738 288 843 332 quas
871 276 1043 332 posthac
1072 289 1197 332 agere
1225 279 1275 319 ut
1302 275 1385 319 sibi
1415 275 1559 329 liceat,
1595 271 1755 330 specta-

202 336 313 376 tores
342 336 472 389 rogat.
531 333 650 376 Idem
680 337 851 391 apparet
879 348 936 377 ex
964 333 1118 378 Horati
1147 336 1265 391 epist.
1294 334 1340 377 Π
1373 335 1414 389 1,
1444 334 1497 377 17
1501 335 1526 375 5
1552 346 1633 389 sq.:

372 391 530 447 „Gestit
549 394 663 435 enim
688 394 789 447 (scil.
806 393 1000 448 Plautus)
1024 407 1248 437 nummum
1272 395 1317 435 in
1341 393 1502 435 loculos
1526 393 1755 445 demittere,

484 454 579 508 post
607 452 686 495 hoc

371 509 554 553 Securus
583 510 704 553 cadat
732 524 786 553 an
817 514 930 554 recto
960 515 1041 554 stet
1068 511 1212 554 fabula
1241 510 1363 553 talo“.

322 567 531 612 Dominus
575 570 705 625 igitur
741 571 881 625 gregis
923 582 1018 612 cum
1056 573 1177 625 poeta
1218 572 1477 611 contractum
1518 569 1628 622 fecit,
1669 581 1754 623 quo

204 627 379 683 probato
409 628 480 671 ille
509 629 642 684 pretio
671 628 920 684 plerumque
950 629 1089 670 statim
1115 627 1252 670 soluto
1276 626 1463 669 fabulam
1488 628 1657 683 accepit,
1688 627 1755 668 hic

201 686 369 743 fabulae
397 687 482 730 fata
512 700 597 731 non
629 688 711 730 iam
744 687 983 741 curabat.⁶²)
1043 686 1286 730 Periculum
1311 699 1410 742 ergo
1433 687 1617 742 suscepit
1640 685 1756 728 solus

203 748 328 788 actor.
389 745 548 796 Quodsi
591 747 772 802 quaeris,
818 746 1027 802 quomodo
1070 746 1267 788 dominus
1307 746 1446 801 gregis
1488 745 1614 787 talem
1657 757 1756 787 con·

204 808 383 847 tractum
395 806 502 847 inire
514 806 708 861 potuerit,
731 805 1005 860 respondeam
1031 817 1198 861 sperare
1222 818 1321 847 eum
1345 817 1402 847 ex
1424 803 1566 847 fabula
1589 804 1755 846 lucrum

203 876 248 906 se
277 863 487 906 facturum
517 876 626 918 esse,
670 864 713 906 id
757 864 870 919 quod
901 865 938 906 ei
983 864 1174 919 contigit,
1217 865 1253 906 si
1295 863 1438 906 fabula
1466 863 1520 905 ab
1550 862 1756 906 aedilibus

203 922 430 965 emebatur.
474 921 559 965 Sed
589 923 714 965 etiam
746 925 782 964 si
812 926 929 965 actor
958 935 1014 965 ex
1039 924 1176 979 prima
1198 923 1361 965 actione
1384 935 1564 977 parvum
1586 921 1757 964 lucrum

202 980 371 1036 fecerat,
407 985 548 1025 tamen
585 994 641 1024 ex
678 981 820 1024 fabula
850 983 998 1025 iterata
1028 982 1229 1024 damnum
1259 982 1381 1024 facile
1412 982 1566 1024 sarcire
1596 983 1757 1037 poterat

201 1040 265 1094 (cf.
295 1053 424 1097 supra
448 1054 487 1097 p.
511 1041 564 1083 72
591 1042 678 1097 sq.).
739 1041 957 1084 Praeterea
991 1053 1067 1097 per
1100 1053 1146 1084 sc
1181 1045 1351 1098 apparet
1387 1044 1570 1084 actorem
1607 1053 1750 1083 rerum

202 1101 487 1143 scaenicarum
518 1101 698 1156 peritum
730 1113 801 1144 eas
838 1100 949 1143 solas
990 1100 1154 1143 fabulas
1190 1101 1359 1155 emisse,
1395 1113 1502 1156 quas
1531 1100 1756 1156 placituras

203 1171 294 1201 esse
324 1158 572 1214 confidebat,
602 1160 675 1202 sed
706 1161 888 1202 veritum
908 1172 999 1202 esse
1023 1159 1187 1202 fabulas
1207 1173 1233 1202 a
1255 1160 1389 1216 poetis
1413 1160 1535 1202 novis
1566 1163 1609 1201 et
1632 1159 1755 1214 plane

202 1219 357 1273 ignotis
387 1230 535 1261 emere.

323 1278 360 1320 1.
396 1276 485 1318 Tali
521 1280 739 1319 contractu
780 1277 912 1319 veluti
942 1277 1141 1319 Plautum
1177 1277 1341 1320 fabulas
1371 1277 1554 1319 vendere
1583 1277 1754 1319 solitum

203 1347 294 1377 esse
324 1334 474 1378 Horati
502 1335 632 1378 fuisse
663 1336 911 1378 sententiam
943 1348 1000 1378 ex
1029 1336 1188 1391 epistol
1218 1336 1245 1378 l.
1266 1348 1298 1378 s.
1324 1348 1356 1378 s.
1387 1335 1659 1378 manifestum
1682 1338 1755 1377 est.

322 1395 360 1436 2.
390 1393 479 1436 Tali
492 1398 708 1437 contractu
731 1394 958 1437 Ambivius
982 1395 1228 1437 adulescens
1240 1394 1404 1437 fabulas
1426 1393 1580 1436 Caecili
1604 1395 1756 1437 emisse

202 1452 379 1495 videtur.
439 1453 631 1495 Primum
655 1454 767 1495 enim
790 1453 970 1507 fabulae,
1000 1454 1166 1495 tametsi
1190 1466 1289 1495 cum
1313 1454 1499 1508 primum
1518 1455 1756 1508 agerentur,

202 1524 287 1554 non
316 1511 578 1567 placuerunt,
607 1512 659 1554 ab
684 1511 884 1554 Ammvio
903 1513 1057 1555 iterum
1083 1513 1321 1568 iterumque
1350 1511 1593 1568 agebantur,
1623 1512 1756 1554 donec

202 1573 369 1614 starent.
414 1570 578 1614 Deinde
597 1570 783 1626 Ambivi‚
806 1584 892 1614 non
918 1570 1073 1614 Caecili
1097 1584 1221 1628 opera
1244 1571 1439 1614 effectum
1459 1583 1551 1614 esse
1576 1572 1755 1627 legimus

202 1628 304 1672 Hec.
335 1629 438 1685 prol.
459 1629 504 1672 II
524 1644 563 1671 v.
589 1630 615 1671 6
641 1643 744 1685 sqq,
774 1633 822 1672 ut
850 1630 1018 1672 fabulae
1046 1631 1308 1672 iterarentur.
1355 1629 1519 1680 Quibus
1549 1643 1604 1671 ex
1627 1630 1755 1672 rebus

203 1687 399 1743 efficitur,
445 1692 492 1730 ut
533 1689 692 1731 domini
728 1689 868 1744 gregis
899 1688 1133 1731 interfuerit
1160 1688 1325 1730 fabulas
1356 1688 1508 1730 Caecili
1539 1693 1582 1731 et
1610 1689 1679 1743 agi
1708 1689 1754 1729 in

203 1759 356 1789 scaena
385 1750 427 1789 et
456 1751 576 1789 stare.

322 1806 359 1848 3.
390 1805 550 1847 Eodem
580 1806 704 1848 modo
735 1805 916 1861 denique
945 1805 1057 1848 idem
1088 1805 1303 1861 Adelphos
1330 1819 1355 1847 a
1383 1805 1596 1859 Terentio,
1633 1806 1756 1847 cuius

202 1864 439 1906 Eunuchus
462 1864 617 1919 populo
640 1865 827 1906 maxime
850 1864 1075 1919 placuerat,
1095 1866 1245 1907 emisse
1269 1863 1449 1908 videtur.
1490 1863 1621 1907 Ludis
1642 1866 1754 1907 enim

202 1921 361 1964 Aemili
405 1922 545 1964 Paulli
596 1922 843 1965 funebribus
885 1923 995 1965 duae
1036 1923 1201 1964 fabulae
1242 1922 1513 1965 Terentianae
1556 1923 1756 1965 Ammvio

201 1984 339 2023 actore
383 1982 428 2023 in
474 1994 668 2024 scaenam
709 1982 975 2037 prodierunt:
1036 1981 1206 2035 Hecyra
1243 1982 1328 2024 iam
1366 1983 1494 2025 semel
1531 1985 1679 2025 exacta
1715 1985 1758 2024 et

202 2039 383 2095 Adelphi
412 2039 557 2082 fabula
587 2052 707 2082 nova.
769 2039 863 2090 Qua
891 2041 936 2081 in
967 2052 1014 2082 re
1044 2053 1131 2096 quo
1161 2040 1285 2082 modo
1315 2040 1408 2082 fieri
1437 2042 1640 2096 potuerit,
1674 2041 1756 2082 viri

202 2099 313 2142 docti
343 2100 659 2155 quaesiverunt,
696 2103 744 2142 ut
780 2112 933 2142 novem
971 2102 1135 2142 tantum
1175 2100 1337 2143 dierum
1368 2100 1504 2156 spatio
1534 2099 1756 2142 histriones

201 2158 329 2201 simul
365 2159 470 2201 duas
499 2158 660 2201 fabulas
690 2159 813 2214 plane
843 2171 974 2201 novas
1012 2159 1254 2201 ediscerent.
1259 2160 1311 2214 ⁵³)
1372 2159 1432 2201 At
1461 2171 1555 2201 mea
1585 2159 1756 2215 quidem

202 2219 406 2259 sententia
436 2230 503 2260 res
532 2219 592 2260 ita
621 2218 874 2273 explicatur,
917 2221 964 2260 ut
992 2217 1239 2260 Ambivium
1278 2221 1512 2261 statuamus
1544 2218 1756 2274 Adelphos

319 2321 363 2367 ⁸¹)
386 2322 518 2358 Tamen
541 2332 683 2368 semper
706 2322 794 2366 eius,
819 2322 880 2368 qui
895 2322 1050 2358 fabulam
1067 2324 1321 2369 composuerat,
1346 2334 1478 2359 nomen
1493 2324 1576 2359 ante
1601 2322 1756 2369 singulas

202 2369 359 2405 actiones
382 2368 684 2414 pronuntiabatur.
709 2369 836 2414 Neque
853 2369 962 2416 igitur
976 2370 1065 2406 haec
1082 2372 1138 2406 est
1162 2371 1286 2406 eadem
1311 2381 1370 2406 res
1394 2372 1501 2416 atque
1525 2371 1618 2416 apud
1634 2372 1755 2415 poetas

202 2417 418 2452 Graecorum
441 2416 632 2460 scaenicos,
658 2416 718 2461 qui
734 2416 914 2452 interdum
931 2416 1069 2452 fabulas
1085 2417 1190 2453 simul
1206 2428 1289 2453 cum
1312 2418 1476 2462 auctoris,
1501 2418 1543 2453 ut
1564 2418 1615 2452 ita
1628 2417 1755 2460 dicam,

200 2463 278 2499 iure
303 2463 556 2507 vendiderunt3
588 2463 635 2498 cf.
661 2463 699 2498 Ε.
726 2463 868 2499 Rohde:
901 2463 1075 2499 K1.Schr.
1102 2464 1139 2499 II
1163 2475 1196 2510 p
1215 2464 1285 2500 426
1310 2476 1345 2499 n
1374 2466 1390 2499 1
1420 2466 1457 2500 et
1480 2464 1559 2500 Alb.
1577 2463 1708 2499 Miiller
1731 2463 1755 2499 l.

200 2520 218 2545 S
246 2520 274 2545 S·
299 2511 590 2601 p3⁸)35W3'ilmanns
613 2556 646 2611 l..
662 2566 691 2592 s.
717 2567 744 2591 8.
770 2568 804 2610 p.
829 2557 875 2592 49
900 2567 953 2602 sq.
987 2577 1030 2583 —-
1065 2557 1222 2603 Wagner
1252 2559 1289 2592 in
1314 2557 1430 2593 8111181.
1455 2557 1540 2603 phil.
1566 2568 1647 2592 nov.
1671 2557 1758 2593 XIC

201 2603 323 2649 (1865)
347 2615 380 2650 p.
405 2603 486 2640 290.
513 2624 557 2630 -
582 2604 749 2640 Dzlatzko
772 2615 811 2638 1n
834 2603 927 2640 Mus.
952 2604 1019 2640 Rh.
1045 2616 1080 2640 11.
1105 2604 1199 2640 XXI
1222 2605 1345 2650 (1866)
1369 2616 1403 2650 p.
1430 2605 1486 2641 79.
1519 2624 1561 2630 —-
1587 2604 1757 2640 Paeckel-

201 2662 309 2687 mann
333 2651 356 2687 l.
383 2662 410 2687 s.
437 2662 465 2687 8.
491 2663 524 2697 p.
551 2651 597 2688 28
621 2662 673 2697 sq.
703 2670 752 2677 ·—
786 2650 973 2688 Schindler
996 2651 1019 2687 l.
1045 2663 1073 2687 s.
1098 2662 1127 2687 8.
1151 2663 1185 2698 p.
1212 2653 1269 2688 31.
1296 2672 1338 2678 -
1365 2651 1473 2688 Fabia
1494 2651 1517 2687 1.
1544 2662 1571 2687 S.
1596 2661 1625 2688 8.
1652 2662 1685 2698 p.
1710 2652 1757 2687 49

202 2710 237 2734 n.
265 2700 296 2734 1.
323 2719 364 2725 —
393 2700 529 2734 Verum
553 2699 720 2744 suspicati
744 2700 829 2734 sunt
850 2698 962 2735 Bosse
986 2699 1009 2735 l.
1034 2699 1057 2734 l.
1083 2711 1116 2745 p.
1146 2702 1187 2735 13
1214 2701 1251 2735 et
1274 2700 1429 2736 Karsten
1452 2699 1476 2735 l.
1500 2699 1523 2735 l.
1549 2711 1584 2745 p.
1608 2699 1679 2737 209
1704 2710 1756 2745 sq.

1475 2758 1497 2794 6
