2067 3311
834 100 1125 140 -49-

202 225 340 263 autem
372 218 498 262 verba
529 230 627 259 cum
655 220 777 272 poeta
808 225 892 259 non
924 218 1066 260 minus
1094 218 1140 259 in
1170 218 1343 275 prologo
1374 218 1428 260 ad
1459 218 1647 261 Andriae
1671 219 1755 274 pri-

202 294 311 322 mam
352 279 556 320 actionem
593 277 869 345 pertinentem
902 277 1038 319 dicere
1068 279 1250 333 potuerit
1281 291 1407 333 quam
1439 278 1484 319 in
1516 279 1755 333 posterioris

201 339 376 381 actionis
405 336 589 391 prologo,
619 336 720 377 inde
750 336 922 377 omnino
952 335 1058 377 nihil
1087 336 1281 379 concludi
1311 341 1458 392 potest.

320 395 483 438 Deinde
512 394 565 436 ad
596 407 763 436 versum
796 395 851 436 27
882 396 965 436 viri
995 395 1105 438 docti
1134 400 1485 451 provocaverunt.

412 442 692 508 „Spectandae
721 466 774 494 an
806 453 1035 508 exigendae
1064 454 1150 496 sint
1179 454 1299 496 vobis
1328 455 1483 510 prius“.

202 512 319 563 Quae
349 510 476 554 verba
502 510 735 554 Karstenus
766 513 806 566 (l.
831 525 862 555 s.
888 525 920 556 s.
945 526 984 568 p.
1010 513 1109 568 220)
1141 526 1239 556 cum
1269 512 1664 566 Drakenborchio⁸⁵)
1695 514 1754 556 ita

200 574 512 626 interpretatur:
549 570 695 625 „debet
730 572 859 626 igitur
894 572 1077 627 populus
1114 584 1360 627 pernoscere
1395 584 1451 614 ex
1487 573 1565 614 hac
1599 572 1754 625 fabula,

200 634 344 672 utrum
374 642 520 683 novae,
560 643 665 686 quas
694 629 830 685 faciet,
866 630 910 672 in
942 634 1154 686 posterum
1169 630 1433 686 spectandae
1463 632 1548 673 sint
1578 644 1632 673 an
1663 631 1753 673 exi-

200 689 361 744 gendae
385 690 503 744 prius
528 703 655 744 quam
679 691 951 744 spectentur“,
979 690 1022 731 id
1048 690 1160 744 quod
1184 690 1371 744 intellegi
1395 703 1480 731 non
1505 691 1637 744 possit
1659 691 1754 743 nisi,

200 748 260 802 „si
289 747 487 803 prologus
522 748 719 790 recitatus
750 751 813 790 est
841 749 883 789 in
915 748 1045 790 altera
1073 747 1240 790 fabulae
1270 749 1449 803 actione,
1489 749 1619 790 immo
1650 751 1753 790 tunc

200 807 301 848 haec
330 808 543 861 aptissima
574 810 674 849 sunt
703 811 744 849 et
774 808 989 849 continent
1018 806 1350 861 obiurgationem
1379 820 1551 862 prorsus
1582 808 1753 861 dignam

200 868 241 907 et
271 865 450 920 lepidam
482 869 773 921 spectatorum,
809 866 883 921 qui
912 866 955 906 in
988 866 1122 920 prima
1152 864 1343 920 Hecyrae
1373 866 1536 907 actione
1565 865 1609 907 id
1639 878 1752 907 com—

199 925 410 977 miserant,
441 925 551 980 quod
577 925 735 967 ironice
765 925 1069 980 perstringitur,
1099 928 1147 966 ut
1170 925 1386 979 exigerent
1408 924 1607 979 fabulam,
1637 929 1753 967 ante-

201 996 327 1037 quam
358 987 591 1039 spectarent
621 988 694 1026 aut
723 986 1020 1038 cognoscerent
1049 982 1167 1037 (Hec.
1197 984 1301 1039 prol.
1325 997 1365 1025 v.
1392 983 1471 1039 3)“.
1531 982 1625 1025 Hoc
1654 996 1751 1026 cum

198 1043 257 1084 ita
287 1043 353 1097 sit,
383 1046 502 1098 putat
532 1043 597 1084 vir
628 1042 774 1085 doctus
811 1043 1018 1098 ,spectare‘
1043 1042 1123 1084 hoc
1146 1043 1237 1085 loco
1262 1042 1497 1098 significare
1522 1055 1607 1085 non
1630 1055 1753 1098 posse

199 1075 396 1156 ,probaie‘
427 1114 565 1157 neque
595 1102 734 1158 ,prius‘
758 1102 867 1143 idem
894 1114 985 1143 esse
1009 1105 1136 1157 atque
1161 1102 1332 1157 ,potius‘.
1380 1103 1438 1143 At
1461 1114 1560 1143 cum
1583 1101 1752 1170 Hecyra

198 1160 333 1203 tribus
375 1162 497 1204 annis
539 1165 636 1203 ante
673 1161 746 1217 (ex
781 1161 986 1203 sententia
1023 1159 1316 1216 Karsteniana)
1353 1161 1525 1203 exclusa
1561 1162 1634 1216 sit,
1676 1162 1752 1203 vix

198 1219 310 1260 credi
329 1224 468 1274 potest
488 1223 738 1275 spectatores
760 1221 867 1261 hanc
880 1219 1046 1261 Terenti
1063 1219 1286 1272 „ironiam“
1301 1221 1547 1275 percepisse,
1566 1232 1751 1274 praeser-

198 1278 275 1320 tim
304 1290 402 1320 cum
425 1277 584 1321 Romae
613 1291 697 1321 non
729 1291 823 1321 raro
852 1278 1009 1321 factum
1040 1290 1130 1321 esse
1159 1278 1364 1332 videatur,
1394 1283 1443 1320 ut
1472 1277 1637 1320 fabulae
1662 1279 1751 1321 exi·

196 1341 395 1390 gerentur
417 1339 663 1393 priusquam
688 1338 741 1379 ad
764 1337 894 1379 finem
913 1341 1214 1392 ⁴spectarentur,
1239 1338 1282 1378 id
1309 1338 1422 1392 quod
1447 1339 1587 1379 statim
1613 1341 1748 1379 osten-

197 1394 306 1442 dam.
372 1394 535 1439 Deinde
575 1397 656 1439 viri
698 1396 809 1439 docti
851 1397 1133 1452 interpretatio
1175 1395 1401 1438 verborum
1444 1399 1485 1438 et
1527 1396 1666 1452 ‚prius‘
1710 1399 1752 1439 et

196 1456 467 1510 ,spectandae‘
508 1457 635 1498 nimis
677 1456 898 1498 artificiosa
939 1468 1030 1497 esse
1066 1456 1169 1497 mihi
1206 1456 1380 1497 videtur.
1447 1455 1597 1509 ,Prius‘
1637 1457 1749 1497 enim

196 1526 391 1570 persaepe
415 1515 521 1556 nihil
545 1515 661 1557 aliud
683 1514 919 1570 significare
943 1515 1025 1556 nisi
1050 1515 1211 1570 ,potius‘
1236 1526 1290 1556 ne
1315 1513 1548 1556 Karstenus
1574 1514 1747 1569 quidem

196 1572 374 1628 negabit.
436 1572 553 1624 Quae
589 1575 781 1629 exempla
811 1574 957 1615 afferre
986 1586 1073 1615 non
1104 1586 1208 1628 opus
1239 1577 1311 1615 est.
1371 1572 1521 1628 Neque
1551 1577 1632 1628 est,
1670 1586 1749 1614 cur

196 1631 274 1673 hoc
290 1632 381 1674 loco
397 1633 536 1687 ,prius‘
552 1633 682 1674 solam
699 1633 896 1687 temporis
910 1633 1113 1673 rationem
1129 1632 1314 1673 indicare
1330 1631 1487 1673 debeat.
1526 1631 1747 1686 ,Spectare‘

196 1693 337 1733 autem
372 1704 447 1746 per
482 1704 528 1733 se
565 1692 736 1732 minime
771 1691 881 1733 idem
919 1703 1009 1732 esse
1045 1693 1171 1745 atque
1202 1689 1399 1745 ,probare‘
1430 1690 1745 1732 concedendum

196 1817 242 1842 ex
265 1806 332 1843 hoc
356 1806 429 1843 solo
453 1807 562 1843 verbo
593 1807 648 1852 ,de
669 1807 817 1853 integro‘
842 1806 968 1842 animis
998 1806 1202 1852 percepturi
1233 1806 1387 1850 fuerint,
1425 1806 1589 1851 equidem
1613 1805 1745 1842 dubito.

195 1854 241 1889 Et
262 1853 348 1890 licet
371 1855 615 1900 perceperint,
650 1866 736 1890 num
770 1856 888 1899 potest
923 1854 1068 1899 cogitari
1091 1854 1297 1889 Terentium
1320 1853 1413 1888 ultro
1438 1853 1644 1889 confessum
1668 1864 1747 1889 esse

194 1902 526 1985 {Zbffimeffiff
542 1901 709 1985 „iffi
727 1911 891 1985 iffi&
909 1901 1149 1985 333331333?
1164 1900 1590 1983 V⁶h⁰ffi⁶¹ssiermss¹issssiiiss
1618 1900 1749 1985 ἓξὲξ

194 1995 350 2032 fabulam
373 1996 412 2031 111
436 2007 536 2032 suam
560 2007 638 2032 rem
662 1997 904 2040 converterat,
942 2006 1089 2031 curnam
1112 1996 1261 2031 Luscius
1298 1995 1332 2030 ei
1369 2006 1441 2030 non
1474 1994 1621 2039 obiecit,
1655 1997 1748 2040 quod

193 2043 331 2079 furtum
365 2043 626 2079 commisisset?
686 2043 839 2079 Nencini
881 2043 968 2078 dicit
998 2043 1166 2078 Luscium
1206 2042 1378 2087 suspicari
1410 2042 1557 2078 minime
1590 2043 1747 2087 potuisse

193 2091 398 2127 Terentium
421 2091 460 2126 in
484 2102 528 2127 ea
549 2090 679 2135 fabula,
714 2102 820 2137 quam
844 2089 1017 2145 Caecilius
1050 2101 1189 2136 ,magna
1212 2101 1293 2125 cum
1317 2089 1559 2125 admiratione‘
1592 2089 1747 2135 legisset,

193 2139 310 2183 ipsum
333 2139 372 2173 in
396 2138 588 2175 Caecilium
620 2139 757 2173 furtum
781 2137 1009 2174 commisisse.
1050 2137 1243 2173 Praeterea
1275 2136 1448 2173 Caecilius
1481 2147 1563 2172 cum
1595 2136 1747 2181 viveret,

194 2196 266 2221 non
289 2187 362 2222 tam
385 2186 523 2220 furtum
547 2196 652 2230 quam
677 2184 846 2220 auxilium
871 2184 1063 2220 amicorum
1085 2184 1248 2219 Terentio
1274 2183 1412 2219 crimini
1436 2184 1591 2218 dandum
1614 2183 1745 2219 fuisse:

194 2233 264 2269 huo
297 2234 458 2278 spectare
483 2232 611 2268 Heaut.
636 2231 724 2277 p.rol
760 2243 815 2267 vv.
842 2231 960 2278 22124.
1010 2230 1080 2267 Sed
1114 2231 1268 2275 primum
1300 2230 1511 2275 Hieronymi
1544 2230 1746 2266 testimonio

194 2280 371 2315 evincitur
389 2278 623 2315 Caeciliuma.
636 2279 704 2314 168
720 2289 751 2314 a.
766 2278 847 2314 Chr.
868 2280 1047 2313 mortuum
1069 2287 1148 2313 esse
1168 2278 1229 2323 (cf.
1247 2276 1398 2312 Hauler:
1410 2277 1552 2312 Phorm.
1567 2278 1622 2312 ed.
1626 2276 1685 2322 ⁸p.
1703 2279 1745 2312 15

193 2338 228 2361 11.
237 2328 259 2363 3
274 2328 311 2362 et
317 2327 365 2372 4).
389 2326 575 2361 Terentius
590 2326 698 2371 igitur
712 2325 842 2360 auxilio
852 2324 983 2361 Caecili
998 2324 1054 2359 uti
1063 2334 1135 2359 non
1145 2324 1275 2378 potuit,
1287 2324 1425 2358 furtum
1439 2323 1548 2369 igitur
1560 2324 1744 2359 commisit.

194 2374 281 2408 Tum
298 2374 390 2419 quod
405 2373 572 2408 Luscium
588 2373 655 2407 hoc
671 2371 843 2417 suspicari
858 2371 1015 2417 potuisse
1039 2370 1074 2406 N
1076 2381 1193 2406 81181111
1216 2372 1338 2415 negat:
1358 2372 1503 2406 constat
1518 2381 1565 2405 ex
1591 2370 1744 2406 Andriae

193 2420 326 2466 prologi
368 2431 429 2455 vv.
476 2419 561 2455 16-
567 2419 609 2454 21
654 2419 822 2455 Luscium
865 2418 1035 2453 Andriam
1077 2417 1221 2453 Terenti
1263 2417 1525 2453 accuratissime
1570 2418 1745 2463 cognitam

192 2467 368 2504 habuisse.
401 2468 459 2502 An
475 2476 663 2502 censemus
680 2477 772 2511 eum,
798 2465 859 2511 qui
874 2465 987 2510 primo
1004 2464 1130 2501 obtutu
1145 2464 1324 2501 intellexit
1347 2464 1552 2500 Terentium
1576 2465 1745 2500 Andriam

192 2524 293 2550 suam
318 2525 365 2550 ex
387 2513 522 2549 duabus
545 2512 675 2549 fabulis
691 2513 834 2549 Graecis
849 2512 963 2557 iisque
979 2512 1074 2548 inter
1088 2522 1128 2547 se
1145 2511 1331 2547 simillimis
1357 2511 1565 2556 confecisse,
1592 2512 1746 2547 eundem

191 2572 264 2598 non
288 2560 577 2598 animadvertisse
601 2561 804 2597 Terentium
829 2558 959 2596 Caecili
985 2558 1118 2595 Andria
1139 2569 1244 2595 usum
1280 2569 1377 2604 esse,
1415 2558 1626 2604 praesertim
1663 2570 1745 2595 cum

191 2609 377 2645 Terentius
406 2609 559 2645 eundem
596 2608 737 2644 titulum
772 2609 878 2653 atque
908 2606 1083 2644 Caecilius
1111 2606 1252 2643 fabulae
1284 2617 1369 2643 suae
1402 2606 1564 2643 dederit?
1612 2606 1745 2642 Parum

192 2657 299 2702 igitur
312 2656 590 2748 sssokabidfisoeSt
613 2656 778 2737 {tenoiqii
802 2655 1003 2738 sententia.6

410 2715 457 2748 pu
538 2714 621 2738 rauo
658 2715 717 2737 um
756 2713 817 2738 .s.
843 2713 871 2737 8.
899 2714 930 2746 p.
1006 2729 1013 2737 .
