2067 3311
901 181 1198 223 ...18-

269 297 739 339 Heautontimorumeni
748 297 974 353 prologum
988 300 1168 355 scriptus
1182 299 1246 347 sit,
1260 298 1388 340 simul
1397 301 1439 340 et
1451 299 1652 353 sequitur,
1661 301 1720 350 ut,
1735 311 1832 340 cum

270 358 381 398 inter
399 355 594 410 Hecyrae
616 360 657 398 et
676 355 1146 400 Heautontimorumeni
1169 358 1325 413 primas
1349 357 1534 399 actiones
1559 356 1721 399 nullam
1744 369 1832 405 om-

271 417 374 457 nino
398 415 566 457 Terenti
590 415 777 457 fabulam
805 419 941 458 actam
966 429 1057 459 esse
1081 417 1310 458 viderimus
1335 415 1398 469 (cf.
1423 429 1550 472 supra
1573 430 1612 471 p.
1637 416 1720 470 12),
1745 417 1833 457 An-

269 475 384 517 driae
407 475 610 530 prologus
635 474 759 516 etiam
788 478 885 517 ante
910 476 1086 531 primam
1113 475 1305 529 Hecyrae
1329 475 1535 517 actionem
1558 475 1737 530 scriptus
1767 476 1832 516 sit.

389 577 439 615 ll.
465 576 532 614 De
555 576 721 615 auxilio
747 577 1003 617 amicorum.

393 640 540 683 Altera
565 640 814 693 criminatiO,
845 653 930 696 qua
953 641 1022 683 usi
1048 641 1275 684 adversarii
1299 639 1490 683 Terentio
1515 640 1833 689 maledixerunt,

272 701 314 740 in
349 712 398 740 eo
429 700 564 754 posita
595 703 695 752 erat,
726 703 773 740 ut
805 699 991 741 dicerent
1021 712 1119 741 eum
1144 701 1321 742 aliorum
1346 700 1505 742 auxilio
1528 700 1682 742 fretum
1707 703 1832 754 atque

270 771 397 800 usum
427 757 591 800 fabulas
623 770 723 799 suas
753 759 1049 813 composuisse.
1097 757 1189 800 Hoc
1220 771 1389 814 quoque
1413 759 1573 801 crimen
1598 759 1642 800 in
1668 757 1832 800 duobus

269 818 452 872 prologis
477 831 502 858 a
521 816 717 859 Terentio
741 817 968 858 refutatur:
992 818 1035 859 in
1059 817 1526 860 Heautontimorumeni
1546 822 1587 860 et
1606 817 1830 872 Adelphon

269 876 471 931 prologis3
532 876 683 917 horum
731 879 825 917 uter
867 880 1013 917 utrum
1055 877 1339 930 antecesserit,
1382 877 1608 932 quaeritur.
1686 875 1829 918 Unum

270 939 410 977 autem
450 938 573 977 antea
610 936 886 989 cognovimus
922 934 1162 977 Terentium
1199 948 1297 977 cum
1336 934 1832 978 Heautontimorumenos

272 998 483 1050 ageretur,
519 1007 604 1035 non
647 994 780 1035 multo
820 998 916 1035 ante
952 995 997 1035 in
1035 1007 1228 1036 scaenam
1265 994 1470 1050 prodisse3
1507 995 1687 1050 legimus
1716 992 1831 1036 enim

270 1054 322 1108 (V.
340 1054 395 1095 23
422 1054 520 1109 sq.):
552 1051 802 1107 „Repente
832 1053 884 1093 ad
917 1053 1104 1093 studium
1135 1053 1247 1093 hunc
1278 1066 1322 1093 se
1352 1054 1580 1106 adplicasse
1609 1053 1832 1104 musicum,

485 1113 685 1154 Amicum
715 1112 884 1165 ingenio
914 1111 1091 1153 fretum“
1123 1124 1183 1167 sq.

390 1170 549 1213 Contra
574 1171 617 1210 in
645 1169 866 1224 Adelphon
892 1170 1063 1224 prologo
1088 1171 1189 1211 haec
1219 1171 1553 1211 adversariorum
1580 1170 1707 1211 verba
1737 1183 1831 1225 pro-

269 1230 349 1273 fert
380 1232 436 1284 (v.
466 1230 519 1271 15
550 1229 648 1284 sq.):
712 1228 925 1281 „homines
956 1227 1109 1270 nobilis

486 1288 594 1330 Eum
626 1288 814 1328 adiutare
845 1287 1143 1342 adsidueque
1175 1301 1260 1329 una
1290 1287 1495 1330 scribere“
1526 1301 1587 1343 sq.

390 1347 459 1390 Ex
490 1348 555 1389 his
585 1347 687 1388 locis
718 1346 826 1387 inter
853 1358 897 1388 se
922 1346 1170 1401 comparatis
1195 1346 1290 1388 luce
1314 1346 1469 1388 clarius
1496 1350 1667 1402 apparet
1691 1345 1831 1388 Heau-

270 1407 616 1449 tontimorumeni
666 1406 885 1459 prologum
937 1405 1153 1459 aliquanto
1200 1409 1297 1447 ante
1342 1405 1564 1460 Adelphon
1612 1405 1832 1461 prologum

271 1467 474 1521 scriptum
505 1463 667 1517 esse-⁹³⁴)
1607 1492 1609 1495 -

387 1524 505 1565 Idem
537 1523 650 1563 haud
681 1523 766 1562 scio
798 1535 849 1563 an
884 1535 934 1563 ea
964 1535 1010 1563 re
1039 1522 1251 1576 probetur,
1284 1522 1395 1576 quod
1427 1522 1654 1564 adversarii
1683 1523 1729 1563 in
1757 1521 1831 1564 illo

268 1583 441 1639 prologo
471 1582 515 1623 in
548 1580 796 1623 universum
829 1579 880 1621 de
912 1580 1121 1634 ,amicum‘
1145 1579 1306 1622 auxilio
1332 1580 1460 1622 verba
1482 1580 1653 1634 faciunt,
1683 1581 1728 1621 in
1752 1581 1832 1621 hoc

269 1642 505 1684 accuratius
536 1640 588 1682 de
619 1638 871 1692 ,hominibus
896 1638 1134 1691 nobilibus‘,
1165 1640 1239 1695 qui
1264 1638 1418 1695 populo
1442 1639 1619 1695 placent,
1650 1652 1831 1695 quorum

269 1713 394 1757 opera
431 1701 474 1741 in
513 1699 641 1751 bello,
678 1699 719 1739 in
760 1698 862 1751 otio,
901 1698 942 1738 in
978 1698 1143 1752 negotio
1175 1711 1253 1740 suo
1285 1699 1465 1753 quisque
1494 1702 1680 1752 tempore
1711 1702 1832 1739 usust

270 1762 362 1802 sine
392 1758 599 1815 superbia.
1509 1795 1511 1797 .

387 1818 567 1873 Insuper
603 1816 912 1858 observandum
950 1821 1029 1868 est,
1067 1816 1277 1870 quomodo
1312 1816 1531 1858 Terentius
1567 1817 1612 1857 in
1651 1820 1830 1871 utroque

270 1878 442 1934 prologo
467 1876 578 1919 idem
604 1876 761 1918 crimen
787 1875 950 1926 1·eiciat;
977 1880 1104 1930 atque
1128 1876 1172 1916 in
1194 1874 1267 1916 illo
1290 1874 1461 1930 quidem
1480 1874 1651 1930 prologo
1673 1879 1829 1930 specta—

271 1941 382 1978 tores
413 1938 526 1991 ipsos
556 1935 716 1976 iudices
747 1934 875 1974 huius
906 1935 1214 1975 controversiae
1243 1933 1342 1975 facit
1372 1933 1515 1975 dicens
1546 1935 1597 1986 (v.
1625 1933 1715 1987 25):

484 1993 743 2049 „Arbitrium
775 1997 976 2045 vostrum,
1007 1996 1146 2033 vostra
1177 1992 1448 2035 existumatio

483 2052 687 2095 Valebit“.

391 2112 545 2154 Contra
574 2112 619 2152 in
650 2111 729 2151 hoc
759 2109 930 2165 prologo
960 2110 1050 2164 ipse
1080 2109 1282 2151 iudicium
1313 2109 1412 2151 facit
1443 2110 1498 2164 (V.
1530 2110 1581 2151 17
1614 2111 1708 2165 sq.):

484 2169 631 2225 „Quod
655 2168 718 2210 illi
748 2167 1018 2210 maledictum
1052 2168 1274 2210 vehemens
1305 2180 1395 2210 esse
1426 2169 1694 2223 existumant,

488 2229 591 2271 Eam
622 2227 790 2270 laudem
822 2228 891 2269 hic
921 2227 1037 2269 ducit
1067 2227 1347 2269 maxumam“.

388 2288 482 2331 Hoc
507 2289 583 2330 etsi
610 2286 723 2329 haud
747 2287 806 2328 ita
831 2290 991 2328 certum
1018 2298 1109 2328 esse
1134 2286 1384 2340 concedo,⁸⁵)
1413 2289 1551 2328 tamen
1577 2287 1829 2329 verisimilli-

269 2362 383 2391 mum
423 2360 515 2390 esse
551 2347 752 2402 temporis
782 2348 1078 2399 argumentum
1109 2344 1211 2385 mihi
1246 2344 1422 2386 videtur.
1483 2344 1565 2387 Sed
1595 2345 1672 2387 hac
1703 2346 1753 2388 de
1783 2359 1829 2388 re

268 2411 365 2451 utut
388 2407 612 2459 iudicatur,
643 2418 698 2447 ex
723 2406 795 2459 eis,
822 2416 931 2459 quae
955 2407 1078 2446 antea
1104 2403 1205 2457 dixi,
1231 2403 1332 2445 satis
1357 2402 1664 2446 demonstratur
1686 2403 1828 2447 Heau—

388 2501 429 2545 Μ)
454 2500 576 2542 Vides,
616 2509 720 2542 quam
759 2506 931 2542 perversa.
955 2495 1155 2531 Schindleri
1186 2494 1365 2530 sententia
1395 2495 1441 2530 sit
1470 2495 1507 2541 (l.
1533 2507 1560 2531 s.
1587 2507 1614 2532 s.
1641 2509 1673 2542 p.
1700 2498 1756 2533 34.
1784 2518 1826 2524 —

267 2550 313 2585 cf.
340 2558 448 2594 supra
471 2558 505 2593 p.
533 2547 577 2583 13
603 2557 638 2582 n.
664 2542 737 2590 22),
762 2544 822 2591 qui
848 2544 949 2589 putat
976 2542 1157 2587 Adelphos
1180 2541 1284 2587 paulo
1308 2543 1389 2587 post
1402 2542 1828 2580 Heautontimorumenon

268 2599 381 2632 actam
407 2606 497 2637 esse,
523 2595 607 2640 quia
628 2594 760 2629 mirum
785 2593 892 2636 esset,
917 2591 948 2627 si
971 2592 1078 2637 poeta
1100 2589 1168 2626 isto
1192 2588 1320 2635 probro
1337 2590 1419 2626 ante
1435 2589 1828 2629 Heautontimorumeni

267 2644 442 2678 actionem
450 2641 604 2677 aLuscio
612 2640 796 2676 lacessitus
809 2639 916 2674 trium
930 2648 1103 2673 annorum
1116 2637 1228 2682 spatio
1240 2637 1442 2672 intermisso
1456 2638 1499 2682 [a.
1508 2639 1635 2684 594]in
1643 2638 1828 2684 Adelphon

267 2690 404 2726 actione
436 2689 566 2725 iterum
593 2687 743 2724 vexatus
767 2686 873 2721 esset.
929 2685 976 2720 cf.
1002 2694 1144 2729 quoque
1168 2683 1456 2719 Herrmanowski
1484 2684 1507 2719 l.
1533 2695 1561 2720 s.
1587 2694 1615 2720 S.
1640 2696 1674 2730 p.
1699 2686 1744 2721 37
1776 2697 1826 2733 sq.

389 2737 430 2781 ³⁵)
455 2735 633 2771 Eiusmodi
661 2734 756 2769 enim
780 2733 818 2767 in
844 2743 883 2767 re
908 2732 946 2766 in
971 2731 1143 2767 rationem
1168 2731 1365 2766 vocandum
1391 2733 1456 2774 est,
1482 2742 1550 2776 quo
1575 2732 1682 2767 animi
1706 2732 1827 2769 habitu

265 2784 342 2830 ipso
367 2782 426 2819 illo
451 2784 612 2829 tempore
637 2782 743 2827 poeta
766 2779 886 2814 fuerit.
937 2778 984 2813 cf.
1009 2777 1105 2812 infra
1129 2788 1162 2822 p.
1188 2777 1245 2812 23.
