2067 3311
885 87 1174 129 —71-

246 203 461 246 aedilibus
485 204 589 245 nihil
615 204 853 247 vendidisse
876 205 960 247 nisi
978 206 1047 249 ius
1069 205 1228 260 primae
1253 205 1440 256 actioniS,
1465 203 1628 246 fabulas
1652 207 1807 256 autem,

255 262 509 317 simulatque
547 263 731 318 primum
766 267 882 306 actae
923 267 1079 317 essent,
1121 263 1174 306 ad
1210 267 1375 319 poetam
1417 262 1639 316 redissem)
1700 261 1806 304 Cum

255 325 395 362 tamen
425 321 670 363 Ambivium
709 322 873 364 fabulas
904 322 1158 365 Caecilianas
1187 327 1356 364 exactas
1386 323 1540 364 iterum
1569 322 1807 376 iterumque

254 380 389 436 egisse
430 384 606 435 constet,
651 394 833 437 cumque
872 381 1053 424 eundem
1092 382 1262 424 omnino
1300 381 1487 423 maxima
1522 383 1726 436 potestate
1760 381 1805 420 in

254 439 407 481 fabulis
431 441 629 482 iterandis
653 454 780 483 usum
804 453 895 483 esse
920 454 975 482 ex
993 440 1185 495 Hecyrae
1208 441 1380 496 prologo
1401 440 1531 482 altero
1550 439 1805 496 apparerefl)

254 510 308 539 ne
337 498 427 553 ipse
457 498 627 553 quidem
659 504 793 553 neget,
833 499 948 540 addit
976 511 1175 554 persaepe
1203 504 1345 554 poetas
1376 500 1545 540 domino
1574 499 1715 554 gregis
1744 498 1804 539 f—a

254 556 375 598 bulas
405 561 565 600 veteres
601 559 754 600 iterum
789 558 971 612 agendas
1008 557 1280 600 libentissime
1317 557 1554 613 reliquisse,
1590 570 1689 600 cum
1724 557 1805 613 ipsi

254 627 310 656 ex
340 615 549 657 veteribus
584 616 752 658 lucrum
790 616 925 657 facere
961 628 1044 657 non
1076 620 1255 670 possent.
1316 615 1381 657 Ne
1410 617 1490 658 hac
1519 617 1690 671 quidem
1721 616 1803 657 dis-

253 674 468 729 putatione
497 675 780 717 controversia
811 673 883 715 illa
913 673 1079 715 sublata
1108 677 1181 715 est.
1228 673 1297 714 Ex
1329 673 1484 729 quibus
1508 674 1675 716 tandem
1700 674 1804 716 locis

254 734 319 773 vir
354 733 502 774 doctus
540 733 675 775 effecit
709 732 873 774 fabulas
909 733 1038 774 semel
1074 737 1187 775 actas
1221 746 1295 787 pro
1326 733 1458 774 nihilo
1489 732 1633 775 haberi
1662 733 1805 775 solitas

253 790 429 847 esse?22)
490 791 642 834 Nonne
683 792 840 833 scimus
879 791 1122 833 Ambivium
1162 790 1325 833 fabulas
1363 790 1616 833 Caecilianas
1652 792 1805 833 iterum

252 851 490 906 iterumque
526 851 687 905 egisse?
748 850 799 891 Id
837 851 949 905 quod
985 850 1172 905 intellegi
1208 851 1331 905 plane
1367 863 1452 892 non
1488 854 1623 906 potest
1657 851 1738 892 nisi
1768 851 1805 892 si

254 923 309 952 ex
338 910 490 952 fabulis
525 909 732 953 veteribus
762 909 928 952 lucrum
959 908 1225 952 efficiebatur.
1282 908 1466 952 Carnam
1497 909 1628 966 igitur
1659 908 1805 952 Ambi-

253 969 349 1011 vius
379 969 458 1010 hoc
481 969 652 1011 fecerit?
698 969 815 1011 Haec
840 973 881 1011 et
903 969 1038 1011 multa
1062 970 1143 1010 alia
1167 982 1221 1011 ne
1246 970 1282 1011 si
1306 968 1608 1011 Dziatzkonem
1633 969 1804 1024 quidem

254 1029 482 1084 sequimur,
512 1029 730 1083 perspicua
759 1033 859 1070 sunt
887 1028 1005 1070 facta.
1057 1027 1140 1071 Sed
1171 1028 1272 1070 haec
1301 1028 1503 1071 hactenus
1534 1028 1586 1070 de
1617 1029 1804 1071 virorum

254 1087 471 1128 doctorum
500 1088 728 1129 sententiis.
788 1088 1052 1129 Accedamus
1082 1090 1243 1143 oportet
1270 1088 1351 1143 ipsi
1381 1087 1434 1129 ad
1464 1088 1645 1143 priorem
1677 1099 1803 1142 quae-

253 1146 434 1189 stionem
464 1146 785 1201 diiudicandam‚
817 1159 901 1201 qua
932 1146 1192 1201 quaerimus:

465 1205 584 1259 Quis
614 1205 814 1248 fabulas
848 1217 1005 1249 novas
1036 1217 1064 1248 a
1100 1208 1244 1259 poeta
1278 1207 1465 1249 emerit.

372 1265 408 1305 1.
440 1264 760 1306 Proficiscamur
788 1277 843 1306 ex
873 1264 974 1306 Hec.
1004 1264 1107 1320 prol.
1132 1263 1179 1306 11
1208 1278 1246 1307 v.
1273 1266 1330 1306 48
1362 1277 1443 1319 sq.:

462 1382 604 1424 Novas
634 1324 1188 1438 θέῗὲέἓὲξηὲοὲῒξιαῖὃὲξέῗίο
1220 1386 1380 1437 emptas
1411 1385 1540 1425 meo“.

370 1440 533 1492 Quibus
563 1455 618 1484 ex
647 1442 842 1485 versibus
871 1442 1106 1485 necessario
1136 1440 1328 1495 efficitur,
1361 1445 1410 1484 ut
1439 1441 1635 1484 dominus
1665 1442 1805 1498 gregis

251 1501 413 1542 fabulas
450 1514 580 1543 novas
617 1503 772 1543 emerit.
833 1501 964 1543 Porro
1000 1514 1098 1543 cum
1134 1501 1186 1543 de
1223 1502 1344 1543 novis
1380 1501 1534 1543 fabulis
1569 1514 1707 1544 sermo
1737 1502 1803 1556 sit,

251 1572 434 1615 cumque
463 1572 586 1602 nemo
616 1559 780 1602 fabulas
810 1573 942 1602 novas
973 1559 1154 1602 vendere
1178 1561 1308 1615 possit
1331 1561 1414 1601 nisi
1439 1564 1571 1615 poeta,
1601 1562 1806 1615 sequitur,

252 1623 300 1661 ut
341 1619 536 1662 dominus
577 1620 717 1675 gregis
754 1619 918 1662 fabulas
955 1632 1087 1662 novas
1122 1618 1174 1661 ab
1210 1620 1302 1674 ipso
1338 1623 1461 1674 poeta
1497 1620 1654 1661 emerit.
1721 1618 1805 1661 Res

251 1679 381 1733 igitur
403 1680 460 1720 ita
485 1682 721 1734 comparata
745 1682 818 1733 est,
844 1683 892 1720 ut
916 1679 1111 1720 dominus
1134 1680 1272 1733 gregis
1297 1679 1459 1720 fabulas
1485 1691 1617 1720 novas
1637 1692 1663 1720 a
1681 1682 1803 1734 poeta

251 1738 408 1792 emerit,
433 1750 538 1793 quas
558 1750 653 1779 cum
676 1737 766 1779 ludi
785 1737 1070 1791 imminebant,
1095 1736 1304 1779 aedilibus
1324 1738 1391 1778 vel
1413 1738 1584 1778 omnino
1606 1737 1801 1779 ludorum

251 1798 511 1839 curatoribus
554 1797 729 1839 offerret.
797 1798 966 1839 Aediles
1007 1804 1148 1839 autem
1186 1796 1347 1839 fabulas
1384 1810 1409 1839 a
1445 1797 1613 1839 domino
1650 1798 1800 1852 gregis,

250 1868 334 1897 non
366 1868 391 1896 a
419 1859 541 1911 poeta
570 1859 773 1897 emerunt.
1016 1882 1029 1912 4

368 1914 460 1957 Hoc
480 1918 621 1957 autem
641 1928 725 1957 non
747 1915 885 1957 solum
905 1928 960 1958 ex
975 1914 1159 1957 hocloco
1176 1918 1355 1970 apparet,
1377 1914 1451 1957 sed
1467 1927 1522 1956 ex
1539 1914 1682 1957 multis
1697 1913 1802 1957 aliis.

369 1975 406 2016 2.
441 1974 666 2016 Proximus
695 1974 812 2016 locus
841 1976 1057 2016 invenitur
1085 1975 1129 2015 in
1160 1974 1313 2015 Heaut.
1344 1974 1446 2029 prol.
1479 1988 1517 2015 v.
1542 1975 1599 2015 43
1631 1987 1740 2029 sqq.:

462 2033 594 2088 „Nam
624 2046 738 2076 nunc
767 2047 898 2076 novas
930 2034 1003 2090 qui
1033 2033 1234 2087 scribunt,
1265 2033 1326 2075 nil
1355 2037 1533 2089 parcunt
1563 2033 1672 2076 seni:

461 2093 506 2134 Si
537 2106 646 2148 quae
674 2093 933 2146 laboriosast‚
963 2094 1016 2134 ad
1046 2106 1114 2134 me
1143 2094 1345 2145 curritur;

462 2151 506 2195 Si
536 2153 643 2195 lenis
673 2155 747 2208 est,
777 2151 830 2195 ad
860 2152 990 2194 alium
1022 2151 1205 2195 defertur
1234 2152 1440 2208 gregem“.

367 2213 435 2252 Ad
461 2212 705 2253 Ambivium
735 2213 874 2265 igitur,
906 2213 1122 2254 dominum
1148 2218 1298 2267 gregis,
1329 2214 1365 2253 si
1391 2225 1498 2266 quae
1521 2212 1664 2254 fabula
1689 2211 1804 2254 labo-

250 2271 359 2312 riosa
389 2274 463 2324 est,
493 2271 531 2311 ei
563 2271 636 2325 qui
667 2282 798 2311 novas
828 2270 1018 2312 scribunt
1042 2271 1082 2312 h.
1106 2283 1141 2312 e.
1165 2277 1310 2326 poetae
1335 2275 1510 2312 currunt
1535 2270 1805 2325 fabulamque

250 2342 399 2371 novam
448 2328 649 2371 deferunt.
723 2329 847 2371 Unde
892 2330 988 2371 luce
1032 2331 1187 2372 clarius
1233 2329 1412 2371 efficitur
1455 2333 1598 2385 poetas
1640 2328 1805 2371 fabulas

250 2401 379 2430 novas
410 2388 459 2429 ad
492 2392 651 2429 actores
682 2388 880 2430 detulisse
911 2391 1056 2444 eisque
1086 2389 1335 2444 vendidisse,
1366 2402 1451 2430 non
1483 2388 1701 2431 aedilibus.

369 2504 412 2547 ²⁰)
437 2504 492 2539 Ita
515 2505 597 2539 ante
621 2504 873 2540 Dziatzkonem
897 2506 987 2540 Ihne
1011 2505 1035 2540 1.
1061 2516 1088 2540 s.
1114 2516 1142 2540 s.
1175 2506 1265 2540 thes.
1290 2506 1357 2540 XI.
1390 2526 1433 2531 —
1464 2506 1538 2540 Jac.
1564 2505 1620 2540 Al.
1645 2505 1803 2541 Becker:

248 2553 292 2588 de
318 2553 555 2588 Romanorum
579 2561 731 2588 censura
753 2552 926 2598 scaenica,
951 2552 1161 2599 Mogontiaci
1189 2551 1277 2589 1852
1303 2564 1336 2598 p.
1355 2553 1410 2589 21.
1438 2573 1481 2579 —
1507 2551 1708 2588 Wilmanns
1731 2552 1804 2588 1.1.

252 2601 342 2635 thes.
368 2601 396 2635 Ι.
424 2600 842 2644 —posteaAmdohrL
867 2611 896 2636 s.
921 2611 950 2636 s.
977 2612 1011 2645 p.
1036 2601 1143 2636 25n.
1170 2603 1201 2636 1.

369 2647 410 2688 ²¹)
437 2647 482 2680 cf.
508 2645 680 2680 Ritscheli
716 2646 872 2691 Parerga
903 2658 937 2691 p.
963 2648 1033 2682 333
1065 2658 1161 2691 sqq.:
1211 2649 1258 2682 cf.
1296 2659 1434 2691 quoque
1472 2648 1568 2682 infra
1605 2659 1639 2691 p.
1666 2648 1710 2682 72
1752 2659 1803 2692 sq.

368 2693 482 2738 ²²)cf.
507 2692 596 2729 Leo:
622 2691 723 2729 Anal.
747 2692 862 2729 Plaut.
888 2693 1009 2739 (1898)
1035 2705 1067 2740 p.
1096 2694 1138 2730 19
1164 2704 1215 2740 sl.
