2067 3311
844 71 1136 112 -31—

333 190 373 243 a)
403 189 911 232 Heautontimorumenon
940 188 1155 242 aliquanto
1186 190 1283 229 ante
1313 188 1365 242 (p.
1399 188 1453 229 18
1484 189 1574 242 sq.),

333 247 374 301 b)
406 247 660 291 Eunuchum
691 260 777 290 non
806 246 941 289 multo
954 249 1062 289 ante
1093 246 1147 301 (p.
1182 246 1238 288 19
1268 244 1357 302 sq.).

333 306 408 350 VI.
471 307 699 362 Hecyrae
729 306 996 362 prologum
1026 306 1243 361 priorem
1273 308 1443 361 apparet

336 367 373 408 1.
419 365 520 408 Post
548 367 726 422 primam
750 364 944 418 Hecyrae
973 365 1180 406 actionem
1210 364 1265 419 (p.
1301 365 1383 418 12),

334 426 373 467 2.
417 424 517 467 Post
546 424 725 466 aliarum
763 435 933 478 quoque
963 422 1199 465 fabularum
1230 423 1414 465 actiones
1444 423 1500 478 (p.
1528 424 1611 477 12),
1642 423 1765 464 sicuti

216 485 326 525 certe
355 487 448 539 post
470 483 665 537 Hecyrae
696 482 758 535 (cf.
787 482 828 536 1)
848 486 890 524 et
913 480 1379 546 Heautontimorumeni
1403 483 1560 537 primas
1580 483 1766 523 actiones

216 541 269 595 (Ρ
302 543 355 583 12
388 555 408 583 s
440 543 476 596 -)

335 602 372 643 3.
410 556 517 644 ‘Post
561 611 707 643 omnes
755 601 986 642 ceterarum
1025 598 1262 641 fabularum
1305 599 1508 653 actiones,
1555 599 1608 641 ad
1660 612 1767 654 quas

215 660 376 714 prologi
406 663 595 715 spectant
624 661 679 713 (p.
713 660 765 700 12
798 661 886 714 sq.,)
914 660 1115 714 scriptum
1146 671 1247 702 esse.

332 717 432 761 VII.
461 717 693 771 Hecyrae
710 717 950 773 prologus
967 718 1218 773 posterior
1239 718 1420 772 scriptus
1434 718 1489 758 sit
1501 729 1671 759 necesse
1684 721 1766 760 est:

336 779 373 819 1.
404 776 507 819 Post
536 775 732 830 Hecyrae
762 776 983 831 prologum
1011 776 1192 831 priorem
1225 776 1279 831 (p.
1313 777 1395 826 12).

333 838 372 877 2.
403 834 644 876 Verisimile
674 837 738 876 est
767 836 931 876 tertiam
961 833 1155 887 Hecyrae
1184 835 1390 876 actionem
1421 835 1650 876 secundam
1675 834 1767 875 bre-

216 895 387 936 vissimo
417 894 552 949 spatio
582 893 799 935 interiecto
829 891 1096 935 subsecutam
1126 905 1216 935 esse
1247 892 1298 948 (p.
1333 892 1386 934 12
1418 893 1505 948 sq.).

333 952 413 995 His
459 952 655 995 omnibus
691 951 853 994 collatis
888 952 1112 1008 plenamne
1146 952 1417 1008 prologorum
1452 957 1495 995 et
1529 952 1767 995 fabularum

216 1012 364 1054 seriem
396 1011 732 1067 chronologicam
762 1014 945 1053 statuere
974 1011 1195 1066 possimus,
1226 1011 1454 1053 videamus.

336 1072 374 1113 1.
410 1070 602 1114 Primum
620 1071 846 1113 statuimus
861 1070 1048 1112 Andriae
1071 1071 1291 1126 prologum
1316 1070 1560 1113 antecedere
1574 1070 1768 1126 prologos

215 1129 695 1184 Heautontimorumeni,
716 1128 994 1184 Phormionis,
1023 1128 1235 1183 Eunuchi,
1265 1129 1510 1185 Adelphon3
1544 1129 1694 1172 deinde
1722 1134 1768 1172 ut

215 1188 407 1243 Hecyrae
450 1189 641 1245 primam,
677 1189 735 1231 ita
779 1187 985 1242 Hecyrae
1018 1188 1247 1231 secundam
1283 1191 1325 1230 et
1359 1189 1524 1231 tertiam
1561 1189 1764 1231 actiones:

216 1260 361 1289 omnes
401 1249 530 1302 igitur
570 1247 764 1302 prologos
809 1259 1039 1302 omnesque
1074 1252 1307 1289 ceterarum
1342 1247 1581 1289 fabularum
1610 1249 1767 1303 primas

216 1306 409 1349 actiones.
482 1305 575 1348 Hac
616 1307 746 1362 igitur
789 1318 835 1347 re
875 1306 933 1360 id,
978 1305 1091 1362 quod
1136 1305 1225 1348 solo
1272 1318 1325 1347 ex
1372 1306 1561 1348 Andriae
1596 1307 1767 1361 prologo

216 1378 556 1421 cognoveramus,
585 1366 750 1420 egregie
778 1364 1060 1407 confirmatur.

333 1423 496 1466 Deinde
546 1424 743 1480 quoniam
789 1423 1295 1466 Heautontimorumenon
1349 1424 1541 1478 Hecyrae
1589 1425 1766 1479 primam

215 1484 421 1526 actionem
474 1484 687 1539 excepisse
738 1482 941 1536 vidimus,
991 1483 1258 1539 perspicuum
1310 1486 1373 1525 est
1419 1481 1611 1537 Hecyrae
1659 1482 1765 1535 duas

214 1542 462 1597 posteriores
492 1542 675 1583 actiones
699 1544 793 1597 post
811 1539 1322 1583 Heautontimorumenou
1352 1541 1482 1583 factas
1512 1554 1613 1583 esse.
1657 1540 1764 1583 Cum

215 1604 356 1643 autem
380 1601 503 1642 etiam
530 1599 738 1654 Eunuchi,
768 1599 1047 1654 Phormionis,
1073 1599 1294 1655 Adelphon
1320 1599 1482 1655 prologi
1505 1603 1599 1655 post
1622 1598 1765 1642 Heau-

214 1659 557 1701 tontimorumeni
596 1658 815 1714 prologum
853 1659 995 1714 scripti
1037 1659 1140 1712 sint,
1181 1659 1389 1713 sequitur,
1432 1663 1481 1700 ut
1516 1657 1766 1701 Heautonti-

214 1719 448 1761 morumeni
491 1718 689 1773 prologus
731 1717 963 1760 secundum
1005 1717 1145 1760 locum
1193 1716 1389 1760 obtineat.
1455 1717 1572 1761 Inter
1613 1718 1766 1761 harum

213 1777 451 1819 fabularum
482 1778 666 1818 actiones
695 1776 865 1830 Hecyra
892 1777 1076 1831 primum
1107 1781 1255 1818 exacta
1285 1781 1359 1819 est.

333 1837 371 1878 2.
401 1836 567 1891 Agmen
597 1839 738 1877 autem
768 1834 972 1877 claudunt
1009 1835 1117 1877 duae
1147 1834 1340 1889 Hecyrae
1369 1836 1541 1878 iteratae
1571 1837 1766 1879 actiones.

331 1896 370 1936 3.
400 1894 576 1936 Restant
604 1895 734 1949 igitur
766 1894 928 1949 prologi
960 1893 1175 1947 Eunuchi,
1212 1894 1495 1949 Phormionis,
1535 1895 1766 1950 Adelphon,

214 1954 288 2008 qui
326 1956 368 1995 et
405 1955 499 2009 post
537 1951 1045 1995 Heautontimorumenon
1087 1956 1129 1995 et
1170 1956 1267 1995 ante
1308 1952 1500 2008 Hecyrae
1537 1954 1765 1996 secundam

213 2012 418 2054 actionem
458 2012 601 2067 scripti
619 2010 622 2015 '
639 2011 984 2067 pronuntiatique
1014 2015 1124 2054 sunt.
1185 2011 1296 2053 Illud
1327 2016 1466 2054 autem
1499 2013 1635 2054 solum
1667 2026 1766 2054 con-

213 2075 295 2113 stat
333 2070 591 2113 Eunuchum
630 2083 716 2113 non
763 2069 898 2113 multo
944 2074 1041 2113 ante
1079 2070 1295 2126 Adelphos
1339 2075 1475 2114 actam
1515 2084 1617 2114 esse.
1682 2071 1763 2114 Sed

213 2130 316 2186 quid
346 2130 398 2173 de
428 2129 697 2173 Phormionis
728 2130 898 2185 prologo
928 2130 1201 2172 iudicandum
1233 2131 1299 2185 sit,
1330 2130 1507 2174 dubium
1539 2135 1612 2173 est.

330 2189 368 2243 a)
395 2188 462 2231 Ex
483 2188 747 2231 Phormionis
770 2189 932 2244 prologi
956 2202 1023 2231 vv.
1046 2190 1233 2243 30—34‚
1259 2189 1413 2245 quibus
1432 2194 1555 2245 poeta
1574 2189 1783 2244 Hecyrae'

212 2249 418 2290 actionem
448 2247 656 2290 infelicem
688 2252 729 2290 et
753 2247 1262 2291 Heautontimorumenon
1286 2262 1382 2291 cum
1408 2261 1605 2291 successu
1630 2254 1765 2291 actam

213 2306 431 2363 significat,
461 2305 803 2348 Herrmanowski
834 2307 877 2359 (1.
908 2319 939 2349 s,
971 2320 1003 2348 s.
1027 2320 1066 2362 p.
1093 2308 1163 2361 31)
1194 2307 1323 2349 efficit
1351 2320 1438 2349 non
1467 2308 1592 2349 modo
1622 2307 1764 2349 Heau-

212 2366 540 2408 tontimorumon
565 2368 662 2408 ante
686 2364 982 2407 Phormionem
1007 2369 1049 2408 et
1070 2369 1166 2422 post
1189 2364 1401 2420 Hecyram
1426 2365 1477 2420 (Ι)
1502 2369 1638 2408 actam
1662 2378 1764 2416 esse,

213 2424 287 2467 sed
315 2425 441 2466 etiam
465 2424 714 2466 continuum
738 2423 927 2465 ordinem
951 2424 1100 2465 harum
1124 2425 1254 2466 trium
1277 2424 1515 2467 fabularum
1539 2424 1659 2467 nulla
1683 2426 1766 2467 alia

211 2483 460 2527 Terentiana
495 2482 639 2527 fabula
674 2481 983 2539 interpellatum
1014 2495 1115 2525 esse.
1180 2481 1331 2538 Neque
1366 2496 1467 2526 vero
1502 2483 1605 2526 haec
1640 2485 1765 2526 ratio·

214 2544 366 2585 cinatio
397 2544 630 2585 necessaria
659 2547 739 2596 est,
771 2542 814 2584 id
846 2542 959 2597 quod
988 2543 1071 2583 iam
1103 2541 1358 2596 Dziatzko⁶⁸)
1389 2543 1607 2586 intellexit.
1668 2543 1765 2586 Non

215 2672 305 2707 1893
330 2623 375 2707 ἔ)
399 2623 566 2707 Dgiatzko
598 2624 634 2658 in
660 2675 664 2680 Ι
672 2622 816 2668 ,Berlin
819 2633 860 2657 er
884 2622 1176 2658 Wochenschrift
1211 2623 1274 2658 fiir
1309 2623 1500 2659 klassisehe
1538 2624 1764 2670 Philologie“.

176 2698 178 2701 .
354 2682 387 2717 p.
406 2673 425 2706 7
