2067 3311
861 119 1149 161 -30-

658 256 663 260 ·
742 236 767 290 ξ
799 236 837 278 6.
898 236 1274 280 Conclusloncz.

345 294 600 350 Priusquam
630 295 682 337 ad
713 295 862 337 seriem
894 300 936 338 et
964 296 1234 351 prologorum
1263 300 1305 338 et
1333 295 1570 340 fabularum
1597 299 1785 339 statuen-

226 354 322 395 dam
366 354 579 406 adeamus,
625 354 778 407 omnia,
821 366 931 409 quae
973 354 1111 397 adhuc
1152 355 1433 410 disputatione
1463 359 1606 398 nostra
1636 356 1785 398 lucrati

226 425 387 466 sumuS,
417 413 661 454 summatim
691 412 1115 467 comprehendamus:

344 470 376 512 Ι.
408 469 473 513 De
502 470 729 513 Andriae
759 471 968 527 prologo
998 472 1101 514 haec
1132 475 1323 514 constare
1351 472 1561 515 vidimus:

345 532 384 582 a)
415 529 544 571 Hunc
574 530 794 585 prologum
825 533 923 572 ante
953 534 995 572 et
1024 530 1491 574 Heautontimorumeni
1522 536 1562 574 et
1592 531 1785 585 Hecyrae

224 589 402 644 primam
434 586 641 630 actionem
672 589 873 643 scriptum
905 600 997 630 esse
1028 591 1080 644 (p.
1106 589 1160 630 17
1192 588 1293 644 sq.);

345 647 386 700 b)
416 646 530 690 Eum
580 647 764 703 prologis
820 650 861 690 et
906 646 1374 692 Heautontimorumeni
1418 652 1459 691 et
1504 648 1702 692 Eunuchi
1744 652 1786 692 et

226 707 491 748 Phormionis
521 707 879 761 antecessisse-(p.
913 707 967 747 26
1000 709 1098 761 sq.);

345 766 381 819 c)
414 764 524 806 Eum
557 767 599 806 et
628 768 725 806 ante
755 764 977 820 Adelphon
1008 765 1230 820 prologum
1260 769 1301 807 et
1338 766 1403 820 (ut
1431 766 1784 808 verisimillimum

226 825 303 876 est)
359 824 574 878 aliquanto
630 826 726 865 ante
780 823 1048 865 Phormionis
1092 824 1313 879 prologum
1364 825 1641 880 compositum
1695 837 1786 866 esse

225 884 270 937 (p
345 880 390 996 ἀς
413 882 525 983 Εἶῖιιι
549 940 733 996 primum
757 941 928 983 omnino
952 940 1118 984 Terenti
1141 940 1360 997 prologum
1387 953 1477 984 esse
1509 942 1564 998 (p.
1588 941 1613 983 9
1634 940 1725 998 sq.).

345 999 404 1042 H.
457 1001 493 1041 1.
518 999 1132 1042 Heautontimorumenon
1159 1000 1351 1054 Hecyrae
1373 1002 1553 1056 primam
1578 1001 1785 1042 actionem

227 1059 494 1102 subsecutam
527 1070 637 1111 esse,
667 1062 764 1100 ante
793 1059 923 1114 igitur
951 1057 1146 1113 Hecyrae
1177 1059 1282 1101 duas
1319 1060 1567 1114 posteriores
1600 1059 1785 1101 actiones

208 1122 362 1169 *actam
393 1130 484 1160 esse
507 1117 862 1159 verisimillimum
893 1120 956 1160 est
985 1118 1040 1173 (p.
1075 1116 1168 1174 12.).

345 1178 383 1219 2.
414 1176 636 1218 Praeterea
665 1179 828 1218 constat

345 1242 385 1288 a)
416 1240 582 1291 poetam
613 1248 711 1277 cum
741 1235 855 1277 hunc
885 1235 1103 1290 prologum
1151 1235 1367 1289 scriberet,
1408 1249 1490 1277 non
1522 1237 1657 1278 multo
1688 1239 1784 1277 ante

225 1296 268 1336 in
302 1294 519 1349 publicum
548 1293 737 1348 prodisse
767 1294 822 1348 (p.
856 1292 962 1347 10.);

346 1353 387 1407 b)
417 1356 584 1409 poetam
613 1363 769 1409 paucas
799 1354 922 1395 antea
950 1350 1114 1394 fabulas
1146 1352 1280 1407 egisse
1310 1354 1362 1408 (p.
1398 1352 1479 1407 11).

345 1415 383 1454 3.
416 1412 611 1466 Denique
640 1412 926 1453 conclusimus
956 1411 1070 1453 hunc
1099 1411 1318 1466 prologum

344 1472 382 1523 a)
413 1473 510 1512 ante
546 1473 587 1512 et
617 1469 885 1512 Phormionis
921 1470 976 1525 (p.
1010 1470 1081 1522 13)
1118 1472 1159 1511 et
1191 1469 1411 1525 Adelphon
1449 1468 1501 1527 (p.
1536 1470 1590 1511 18
1622 1471 1699 1525 sq.)
1731 1473 1784 1523 et,

224 1533 275 1572 ut
304 1530 483 1583 videtur,
514 1528 712 1571 Eunuchi
743 1527 798 1584 (p.
831 1529 901 1579 21)
932 1528 1153 1583 prologum

344 1588 386 1642 b)
415 1591 510 1644 post
540 1587 728 1629 Andriae
755 1586 978 1642 prologum
1008 1586 1064 1642 (p.
1100 1587 1151 1628 17
1185 1588 1260 1642 sq.)
1292 1587 1491 1642 scriptum
1525 1599 1626 1629 esse.

344 1646 421 1689 III.
481 1646 551 1688 Ex
580 1646 906 1689 Phormionis
936 1645 1145 1701 prologo
1175 1645 1400 1688 didicimus

348 1707 385 1748 1.
429 1705 671 1749 Terentium
713 1704 952 1761 complures
994 1704 1161 1746 fabulas
1208 1707 1330 1746 antea
1379 1704 1570 1747 docuisse
1621 1706 1673 1760 (p.
1714 1705 1781 1759 11)

227 1768 453 1821 rixamque
481 1766 592 1807 inter
622 1777 719 1807 eum
751 1763 1038 1819 Lusciumque
1068 1763 1328 1818 aliquamdiu
1358 1764 1488 1806 fuisse
1519 1764 1570 1819 (p.
1605 1765 1705 1818 11.);

346 1825 385 1866 2.
428 1823 600 1866 Poetam
640 1835 767 1865 unam
815 1823 1040 1864 minimum
1076 1821 1236 1864 cladem
1277 1834 1498 1877 unumque
1541 1835 1782 1865 successum

228 1884 436 1938 accepisse
472 1883 527 1937 (p.
560 1883 649 1935 12),
692 1882 735 1923 id
774 1881 887 1936 quod
925 1881 977 1922 ad
1009 1880 1201 1935 Hecyrae
1238 1885 1279 1924 et
1315 1880 1783 1936 Heautontimorumeni

227 1943 385 1997 primas
416 1942 599 1983 actiones
630 1941 836 1994 pertinere
867 1940 1224 1981 verisimillimum
1260 1951 1351 1981 esse
1374 1944 1572 1994 putamus
1602 1941 1657 1995 (p.
1692 1941 1780 1993 13);

349 2001 387 2043 3.
433 1999 605 2041 Poetam
630 1999 735 2040 duos
765 1999 989 2039 minimum
1020 1999 1120 2039 novi
1151 1999 1218 2040 sui
1247 1999 1412 2052 generis
1436 1997 1629 2054 prologos
1654 2000 1783 2054 scrip-

227 2061 332 2102 sisse
358 2058 409 2114 (p.
434 2058 485 2099 11
510 2058 602 2112 sq.);
622 2057 666 2098 in
689 2057 749 2098 eis
769 2059 879 2098 certe
900 2056 1085 2098 Andriae
1107 2056 1162 2111 (p.
1178 2054 1329 2113 27s29)
1350 2059 1391 2098 et
1412 2055 1782 2099 Heautontimoru-

227 2120 341 2161 meni
373 2118 428 2174 (p,
463 2117 534 2171 13)
564 2115 759 2172 prologos
788 2127 891 2158 esse.

346 2176 421 2218 IV.
482 2175 717 2218 Eunuchi
745 2175 1004 2230 prologum
1035 2174 1323 2216 intelleximus

348 2238 383 2278 1.
432 2235 529 2278 Non
559 2235 744 2290 primum
769 2245 861 2276 esse
892 2234 947 2288 (p.
981 2233 1069 2287 11);

345 2297 383 2337 2.
429 2294 528 2336 Non
569 2293 705 2336 multo
745 2295 842 2334 ante
884 2291 1105 2346 Adelphon
1149 2292 1366 2346 prologum
1405 2316 1453 2322 -
1501 2294 1644 2348 itaque
1689 2297 1783 2349 post

225 2352 697 2398 Heautontimorumeni
738 2350 958 2407 prologum
1008 2375 1055 2380 -—
1102 2350 1302 2406 scriptum
1339 2362 1430 2393 esse
1467 2348 1520 2409 (p.
1555 2352 1609 2393 19
1640 2365 1701 2408 sq.
1740 2356 1782 2394 et

224 2429 252 2469 p
346 2415 396 2513 gf.
457 2469 724 2525 Adelphon
755 2468 1019 2524 prologum

347 2533 381 2573 1.
415 2530 482 2572 Ad
513 2530 695 2586 primam
723 2527 890 2570 Terenti
920 2526 1105 2569 fabulam
1131 2530 1316 2583 spectare
1340 2540 1424 2571 non
1452 2541 1573 2584 posse
1600 2529 1782 2571 vidimus

225 2593 278 2647 (p.
313 2591 396 2691 ῙΞ)
425 2647 588 2691 Deinde
613 2649 782 2702 apparet
807 2647 969 2700 poetam
996 2646 1230 2699 complures
1255 2645 1418 2688 fabulas
1443 2649 1564 2688 antea
1590 2646 1783 2688 docuisse

226 2711 277 2763 (p.
312 2709 380 2759 12)
413 2720 568 2762 easque
