2067 3311
854 130 1144 173 „23-

343 244 425 288 Sed
456 247 509 289 de
539 248 744 290 eiusmodi
774 245 1166 289 ratiocinationibus
1196 259 1360 301 semper
1384 245 1662 288 dubitandum
1688 257 1779 287 esse

223 304 416 361 equidem
447 308 560 362 puto.
622 304 894 349 Observanda
922 304 1036 347 enim
1066 308 1168 347 sunt
1198 305 1318 348 haec:

341 364 374 405 Ι.
404 364 642 407 Terentium
686 366 869 419 aliquem
912 363 1130 419 prologum
1173 365 1386 420 scripsisse
1428 377 1515 406 non
1552 364 1657 417 eius,
1701 363 1779 418 qui

224 423 458 477 antecessit,
486 424 647 479 prologi
677 434 917 476 memorem,
948 421 1021 463 sed
1052 421 1175 477 plane
1205 423 1380 465 aliarum
1411 435 1554 464 rerum
1584 425 1778 477 respectu

225 481 365 522 habito
395 495 469 536 per
498 495 543 524 se
573 483 809 538 apparetffl)
854 480 1007 523 Nonne
1037 481 1263 524 verisimile
1293 486 1356 524 est
1386 487 1550 537 poetam
1573 481 1776 537 populum

226 542 273 580 ut
302 538 382 581 sibi
409 540 576 594 faveret,
607 542 728 582 aliter
751 539 949 592 oravisse,
980 552 1076 580 cum
1101 540 1225 581 modo
1249 541 1526 582 calamitatem
1550 543 1778 594 acceperat,

224 597 344 640 aliter
372 602 465 654 post
495 612 754 650 successum3
787 597 908 640 aliter
937 599 974 640 si
1004 598 1177 651 cladem,
1207 598 1327 641 aliter
1350 599 1387 640 si
1410 599 1606 654 plausum
1631 598 1777 641 adver-

225 656 324 697 sarii
347 655 474 712 paulo
498 662 595 699 ante
619 656 892 712 acceperant?
940 656 1091 698 Nonne
1115 656 1296 711 denique
1319 669 1373 698 ex
1398 669 1460 711 eo,
1490 657 1603 711 quod
1626 656 1778 698 Teren-

224 716 308 757 tius
339 716 432 772 vipse
467 718 511 759 in
549 716 734 759 Andriae
770 714 941 772 prologo
978 715 1079 758 dicit
1114 728 1161 758 se
1196 715 1388 771 prologos
1424 716 1556 758 solam
1594 714 1647 758 ob
1684 727 1775 758 eam

224 787 393 817 causam
418 776 672 830 scripturum
697 787 799 829 esse,
824 774 979 829 quibus
1002 775 1155 816 veteris
1179 777 1328 829 poetae
1352 775 1586 816 maledictis
1605 787 1777 829 respon·

224 833 331 887 deat,
360 837 531 889 apparet
561 834 684 875 etiam
717 846 778 888 ea,
808 834 859 875 de
890 832 1045 887 quibus
1075 833 1304 874 adversarii
1333 836 1498 888 poetam
1528 833 1653 888 paulo
1681 837 1778 875 ante

223 895 532 946 accusaverant,
553 892 664 947 apud
683 891 922 934 Terentium
944 891 1126 933 multum
1148 891 1358 933 valuisse?
1400 891 1629 933 Permultis
1648 892 1778 946 igitur

222 950 348 993 rebus
378 954 505 1006 atque
534 951 587 993 iis
616 951 757 1004 variis,
788 951 840 993 de
871 950 1026 1006 quibus
1055 963 1209 1006 magna
1239 962 1294 992 ex
1310 953 1441 1006 parte
1466 962 1581 993 nunc
1605 950 1777 992 omnino

223 1009 327 1051 nibil
353 1013 525 1065 constat,
550 1015 784 1052 commotus
800 1009 1019 1052 Terentius
1043 1010 1134 1065 ipsa
1158 1022 1207 1051 ea
1231 1009 1371 1063 verba,
1397 1022 1505 1064 quae
1529 1010 1573 1050 in
1599 1009 1778 1064 singulis

224 1069 405 1123 prologis
435 1069 626 1124 legimus,
657 1069 838 1112 scribere
867 1070 1012 1124 potuit.

339 1127 395 1169 II.
426 1127 589 1169 Deinde
619 1140 674 1169 ex
704 1141 753 1169 eo
785 1128 898 1182 quod
927 1127 1145 1169 Terentius
1176 1140 1253 1169 sex
1283 1131 1448 1169 tantum
1475 1127 1640 1169 fabulas
1664 1141 1776 1169 com-

224 1187 363 1241 posuit
392 1189 518 1242 atque
548 1199 623 1242 per
653 1199 729 1229 sex
759 1190 925 1229 tantum
955 1198 1088 1228 annos
1118 1187 1163 1227 in
1194 1189 1282 1228 arte
1311 1187 1502 1228 scaenica
1532 1199 1577 1228 se
1609 1186 1773 1239 locavit,

224 1245 489 1298 perspicuum
521 1248 585 1286 est
614 1258 711 1286 eum
743 1258 796 1287 ne
820 1249 914 1299 post
938 1245 1155 1287 victoriam
1181 1245 1351 1298 quidem
1376 1245 1501 1287 modo
1525 1248 1776 1299 reportatam

223 1305 368 1344 utrum
404 1302 572 1345 fortuna
607 1303 797 1346 scaenica
832 1315 997 1359 semper
1025 1302 1180 1345 futuris
1210 1302 1469 1358 temporibus
1498 1302 1580 1345 sibi
1609 1303 1778 1345 fautura

223 1365 332 1403 esset
361 1374 506 1414 necne,
539 1375 613 1417 pro
644 1363 874 1404 certissimo
904 1362 1057 1404 habere
1085 1362 1283 1416 potuisse.
1342 1361 1437 1404 Hoc
1466 1362 1676 1417 praeclare
1706 1362 1776 1403 de-

223 1423 479 1462 monstratur
515 1419 678 1462 duabus
715 1419 905 1474 Hecyrae
941 1419 1266 1472 calamitatibu83
1306 1421 1461 1462 etenim
1492 1418 1659 1462 Andria
1699 1422 1777 1462 etsi

223 1479 446 1534 placuerat,
477 1483 614 1521 tamen
640 1478 819 1533 Hecyra,
849 1480 1033 1522 secunda
1055 1478 1210 1533 fabula,
1241 1492 1337 1521 cum
1363 1480 1547 1534 primum
1572 1482 1777 1535 ageretur,

222 1541 369 1580 exacta
399 1541 479 1590 est3
514 1538 617 1593 quin
649 1539 773 1580 etiam
804 1539 882 1581 etsi
912 1551 1009 1580 cum
1040 1537 1542 1580 Heautontimorumenos
1572 1542 1614 1580 et
1644 1537 1776 1580 Phor-

224 1598 319 1651 mio,
348 1601 439 1639 tum
470 1598 655 1639 maximo
686 1610 783 1639 cum
814 1610 1011 1640 successu
1036 1596 1270 1640 Eunuchus
1294 1600 1506 1651 steterant,
1536 1601 1677 1639 tamen
1700 1596 1776 1639 Te·

221 1657 356 1698 rentio
380 1657 533 1698 iterum
553 1658 704 1710 evenit,
730 1660 781 1698 ut·
797 1656 963 1710 Hecyra
984 1669 1080 1698 cum
1101 1657 1338 1709 referretur,
1362 1669 1500 1710 neque
1520 1660 1777 1711 spectaretur

222 1728 360 1769 neque
390 1715 645 1770 probaretur.

339 1773 417 1815 ΙΙΙ.
449 1772 555 1815 Cum
585 1774 714 1828 igitur
743 1774 954 1815 fortunam
984 1775 1219 1816 scaenicam
1251 1786 1342 1815 esse
1373 1773 1546 1815 dubiam
1571 1775 1778 1828 imprimis

222 1836 366 1888 poetae
397 1845 506 1874 novo
536 1832 935 1888 adulescentuloque
959 1836 1001 1875 et
1023 1833 1113 1888 ipse
1137 1833 1420 1888 comperisset,
1450 1845 1633 1888 cumque
1657 1832 1777 1874 fabu-

222 1893 357 1933 larum
378 1903 616 1934 suceessum
638 1904 766 1947 penes
786 1895 1041 1947 spectatores
1062 1904 1152 1934 esse
1173 1904 1257 1934 non
1280 1893 1501 1947 ignoraret,
1526 1893 1569 1934 id
1589 1896 1778 1947 spectare

221 1954 341 2005 poeta
383 1951 535 2006 potuit,
577 1954 624 1993 ut
662 1951 866 2006 populum
903 1963 1031 2006 quam
1067 1952 1251 1993 maxime
1287 1949 1539 1994 adularetur.
1606 1950 1775 1993 Etenim

222 2021 386 2065 semper
408 2013 591 2065 praestat
613 2014 777 2064 poetam
796 2013 1053 2065 ‘spectatores
1077 2011 1271 2052 comitate
1296 2023 1422 2052 usum
1447 2010 1528 2051 sibi
1552 2011 1778 2052 conciliare

222 2068 389 2110 studere
415 2081 541 2124 quam
566 2081 644 2110 sua
666 2069 799 2124 ipsius
823 2069 972 2111 merita
995 2068 1193 2111 laudibus
1217 2068 1456 2111 efferentem
1480 2069 1576 2111 illos
1599 2069 1775 2111 laedere.

222 2126 314 2169 Hac
343 2129 504 2170 ratione
527 2127 767 2170 Terentium
799 2140 968 2183 quoque
999 2141 1124 2170 usum
1156 2140 1246 2170 esse
1274 2129 1448 2183 cogitari
1471 2131 1617 2183 potest.
1664 2126 1777 2178 Quo-

222 2187 346 2228 modo
377 2186 559 2241 tandem,
589 2187 696 2228 hanc
727 2187 931 2230 rationem
956 2188 993 2230 si
1016 2186 1237 2229 Terentius
1262 2186 1466 2240 adhibuit,
1495 2199 1550 2229 ex
1574 2187 1781 2229 eiusmodi

221 2246 325 2287 locis
356 2246 582 2300 quicquam
614 2246 716 2287 certi
741 2246 792 2288 de
817 2246 963 2288 ordine
989 2246 1255 2301 prologorum
1281 2250 1323 2288 et
1347 2245 1585 2287 fabularum
1610 2247 1779 2288 enucle-

222 2305 284 2345 ari
314 2304 457 2359 possit,
487 2304 684 2359 equidem
714 2305 866 2346 nescio.

340 2362 414 2404 IV.
440 2360 634 2417 Denique
658 2363 701 2405 id
727 2364 1043 2406 memorandum
1066 2367 1139 2417 est,
1159 2376 1215 2406 ex
1236 2376 1332 2418 quo,
1358 2364 1517 2418 opinor,
1541 2364 1608 2405 vel
1629 2365 1778 2406 ceteris

222 2422 347 2464 rebus
378 2422 578 2477 neglectis
608 2422 688 2464 viri
720 2422 831 2465 docti
861 2435 907 2465 se
938 2436 993 2465 ex
1022 2423 1089 2465 his
1118 2422 1221 2465 locis
1244 2423 1425 2464 nimium
1451 2423 1583 2464 multa
1608 2423 1777 2465 conclu-

222 2483 326 2524 sisse
350 2493 598 2536 cognoscere
621 2480 845 2523 debebant:
874 2482 1079 2523 eiusmodi
1100 2482 1389 2523 conclusiones
1411 2494 1574 2536 semper
1593 2483 1779 2524 maxime

222 2586 471 2631 nasial-Progr.
496 2597 530 2620 v.
556 2586 832 2632 Mainz>1873s4
856 2597 890 2632 p.
911 2585 1033 2629 12s14)
1056 2587 1161 2621 huius
1186 2587 1239 2622 rei
1263 2596 1371 2622 causa
1392 2587 1431 2621 in
1447 2587 1612 2631 Hecyrae
1637 2587 1779 2633 prologo

223 2633 350 2689 priore·
370 2638 558 2679 ,‚quaeso“,
590 2634 682 2679 quod
714 2645 735 2669 a
764 2633 872 2669 totius
896 2633 1029 2680 prologi
1053 2633 1231 2670 sententia
1255 2633 1410 2670 alienum
1435 2644 1515 2670 esse
1541 2636 1652 2680 putat,
1677 2635 1779 2670 uncis

223 2681 386 2774 seclusffi)
411 2729 458 2765 cf.
485 2728 626 2765 Fabiam
649 2728 672 2764 l.
700 2731 726 2765 s.
752 2740 780 2764 s.
806 2740 838 2775 p.
865 2728 911 2765 50
935 2739 987 2774 sq.
