2067 3311
870 169 1163 212 -20-

236 287 349 330 nime
370 287 697 344 exspectavisse;
719 287 833 330 unde
854 287 1088 343 explicatur
1102 286 1341 330 Terentium
1362 286 1469 328 nihil
1483 299 1615 343 paene
1631 286 1794 342 habere,

236 360 320 401 quo
344 348 505 402 prolato
530 346 582 388 ab
608 347 686 388 hoc
711 348 886 388 crimine
910 351 1113 402 purgetur
1137 346 1200 399 (cf.
1220 346 1261 388 v.
1286 347 1341 387 27
1366 350 1407 388 et
1431 347 1485 388 33
1509 346 1633 402 sqq.);
1669 347 1793 389 versi-

236 406 315 448 bus
344 409 498 458 autem,
531 406 603 460 qui
635 409 872 461 sequuntur
905 407 960 456 (v.
993 406 1049 448 33
1081 406 1199 462 sqq),
1231 406 1413 447 maxime
1443 405 1675 447 cavillatur.

355 464 508 506 Contra
533 466 576 506 in
603 464 825 520 Adelphon
855 464 1028 520 prologo
1052 465 1270 507 Terentius
1295 477 1349 506 ne
1374 468 1586 520 exspectat
1611 464 1794 519 quidem,

235 524 335 564 dum
362 524 497 579 iniqui
520 524 563 564 in
586 536 631 565 se
651 524 917 576 invehantur,
942 524 1015 565 sed
1037 524 1089 565 de
1110 537 1154 566 se
1173 525 1263 579 ipse
1284 524 1437 565 indicio
1459 520 1588 581 est.⁸⁸)
1626 522 1793 564 Etenim

235 584 313 625 hac
344 584 387 624 in
419 582 563 625 fabula
591 583 852 637 gravissimis
884 584 1143 638 argumentis
1172 583 1456 625 demonstrare
1479 585 1614 639 potest
1639 594 1684 624 se
1707 594 1791 624 non

234 642 369 682 furem
403 654 504 683 esse.
552 641 735 682 Curnam
769 654 867 682 vero
897 641 1137 683 Terentium
1169 643 1340 683 omnino
1371 645 1793 683 commemoraturum

233 700 364 742 fuisse
406 712 551 742 censes
587 712 633 742 se
670 699 829 741 furtum
869 712 954 741 non
991 700 1154 749 fecisse,
1199 701 1280 741 nisi
1318 700 1395 741 hoc
1432 701 1471 741 ei
1509 700 1591 741 iam
1628 700 1793 741 crimini

236 760 380 799 datum
406 764 528 810 esset,
554 760 634 799 nisi
660 759 838 799 similem
861 760 1168 800 accusationem
1191 757 1428 801 timuisset?
1470 758 1794 800 Evidentissime

235 818 364 873 igitur
401 816 602 872 consequi
638 817 722 857 iam
761 815 945 867 Bosse⁸⁹)
982 817 1126 857 statuit
1163 822 1257 871 post
1294 814 1549 857 Eunuchum
1581 816 1794 871 Adelphos

234 878 417 931 primum
450 883 584 918 actam
617 888 707 917 esse
715 889 725 928 ;
758 877 860 930 quin
894 877 1019 917 etiam
1050 876 1092 917 id
1124 874 1349 917 verisimile
1380 887 1471 917 esse
1500 874 1603 916 mihi
1628 875 1794 917 videtur

235 934 448 990 Adelphos
489 934 615 989 paulo
651 938 746 989 post
782 933 1038 975 Eunuchum
1077 938 1209 974 actam
1249 946 1350 975 esse.
1411 933 1504 974 Hoc
1540 935 1576 974 si
1612 935 1672 974 ita
1708 946 1792 974 non

236 997 357 1045 esset,
381 1007 458 1034 cur
480 992 701 1034 Terentius
725 992 831 1034 illud
857 993 1013 1034 crimen
1040 992 1141 1034 furti
1166 993 1244 1034 hoc
1268 993 1311 1034 in
1337 993 1507 1048 prologo
1532 993 1794 1048 respexisset,
1819 1032 1823 1037 .

235 1065 320 1093 non
352 1051 731 1106 intellegeretur.⁴⁰)

352 1110 441 1152 Iam
480 1110 586 1151 illud
624 1109 793 1165 quidem
830 1110 1097 1165 perspicuum
1136 1113 1198 1152 est
1235 1113 1282 1151 ut
1318 1109 1699 1162 contaminationis,
1736 1110 1793 1151 ita

235 1170 335 1211 furti
361 1170 520 1211 crimen
548 1182 572 1210 a
594 1168 746 1210 Luscio
772 1168 941 1209 demum
965 1167 1113 1210 fictum
1138 1181 1228 1210 esse
1249 1168 1392 1209 videri.
1438 1167 1657 1210 Terentius
1680 1170 1793 1210 enim

235 1230 326 1270 eius
358 1228 486 1270 verba
517 1230 560 1269 in
592 1226 788 1270 Eunuchi
818 1228 992 1283 prologo
1023 1229 1075 1282 (v.
1108 1228 1163 1269 23
1196 1228 1300 1283 sqq.)
1330 1226 1465 1269 affert:
1499 1225 1676 1270 Luscius

447 1286 693 1340 „Exclamat
721 1286 903 1339 furem,
934 1299 1030 1327 non
1059 1291 1253 1341 poetam
1285 1286 1469 1327 fabulam

447 1344 624 1388 Dedisse
656 1348 697 1388 et
727 1344 788 1386 nil
819 1345 983 1388 dedisse
1012 1344 1237 1388 verborum
1268 1348 1428 1387 tamen:

448 1404 639 1447 Colacem
672 1418 762 1446 esse
793 1404 927 1446 Naevi
958 1408 999 1445 et
1030 1404 1182 1458 Plauti,
1211 1408 1395 1446 veterem
1424 1404 1629 1457 tabulam3

447 1463 625 1505 Parasiti
656 1475 875 1518 personam
907 1462 1005 1505 inde
1035 1462 1214 1504 ablatam
1247 1466 1289 1504 et
1319 1463 1553 1515 militis.“⁴¹)

234 1523 390 1578 quibus
407 1522 547 1565 verbis
563 1521 781 1564 Terentius
796 1521 1019 1577 respondet
1035 1522 1133 1564 etin
1151 1520 1349 1563 Eunuchi
1364 1522 1534 1577 prologo
1550 1522 1606 1577 (v.
1622 1523 1676 1563 27
1691 1523 1790 1578 sq.):

445 1581 515 1635 „Si
545 1581 587 1621 id
619 1584 683 1621 est
710 1584 941 1635 peccatum,
972 1584 1188 1635 peccatum
1218 1581 1526 1635 inprudentiast

444 1640 610 1693 Poetae,
641 1652 738 1682 non
771 1652 867 1694 quo
898 1638 1084 1681 furtum
1116 1638 1282 1682 facere
1312 1639 1597 1681 studuerit“

231 1705 273 1742 et
303 1701 347 1741 in
380 1699 601 1754 Adelphon
632 1698 804 1754 prologo
837 1699 920 1750 (vv.
956 1697 1125 1754 12s13):
1160 1697 1426 1752 „Pernoscite

444 1757 720 1800 Furtumne
750 1757 937 1799 factum
970 1758 1316 1799 existumetis“
1348 1770 1409 1812 sq.

351 1873 394 1918 ⁸⁸)
419 1873 527 1909 Fabia
551 1872 587 1917 (l.
607 1883 634 1908 s,
653 1884 681 1909 s.
699 1883 732 1917 p.
751 1872 846 1911 219.)
871 1873 972 1917 putat
997 1872 1217 1907 adversarios
1233 1872 1371 1908 furtum
1388 1873 1494 1908 etiam
1511 1874 1593 1909 ante
1607 1873 1790 1918 Adelphon

230 1922 406 1957 actionem
421 1920 586 1956 Terentio
612 1920 750 1955 crimini
775 1919 932 1962 dedisse;
958 1920 1025 1955 hoc
1050 1920 1080 1961 si
1104 1919 1155 1954 ita
1178 1920 1243 1963 est,
1268 1919 1318 1954 illi
1343 1920 1435 1956 hanc
1451 1920 1606 1955 fabulam
1623 1920 1693 1956 iarn
1710 1922 1791 1956 ante

231 1969 382 2014 primam
407 1967 582 2004 actionem
607 1966 813 2013 cognovisse
839 1966 1026 2008 debebant,
1051 1966 1087 2001 id
1112 1967 1204 2012 quod
1228 1966 1285 2002 vir
1308 1967 1432 2003 doctus
1455 1969 1503 2013 (p.
1517 1967 1585 2003 231
1601 1979 1635 2003 n.
1652 1968 1686 2012 1)
1710 1978 1791 2013 pro-

229 2017 325 2052 fecto
362 2017 496 2051 censet.
547 2015 648 2050 Hanc
686 2014 899 2049 sententiam
937 2015 1042 2049 antea
1071 2014 1141 2049 iam
1172 2014 1475 2050 Paeckehnannus
1502 2015 1538 2060 (l.
1564 2026 1591 2051 s.
1617 2026 1645 2050 s.
1671 2026 1705 2061 p.
1733 2016 1791 2061 14)

228 2062 376 2108 protulit
412 2072 561 2107 eamque
598 2062 798 2096 defendunt
829 2062 872 2095 A.
900 2061 1059 2096 Greifeld
1098 2067 1133 2104 („
1135 2061 1190 2095 De
1215 2062 1370 2097 Andriae
1394 2062 1472 2097 Ter.
1497 2062 1637 2107 gemino
1669 2063 1792 2098 exitu“

227 2110 328 2146 Halis
365 2110 447 2146 Sax.
489 2109 580 2146 1886
604 2120 639 2153 p.
665 2108 725 2153 25)
763 2109 800 2143 et
835 2107 1041 2152 nuperrime
1078 2108 1120 2143 R.
1146 2107 1268 2143 Kauer
1300 2108 1466 2153 (Wiener
1488 2108 1637 2145 Studien
1660 2109 1791 2145 XXIII

230 2158 350 2202 [1901]
368 2168 402 2201 p.
420 2157 492 2201 89),
519 2156 579 2201 qui
604 2155 825 2191 adversarios
842 2154 1021 2199 Adelphos
1046 2152 1132 2190 aut
1123 2167 1160 2189 1n
1179 2154 1490 2191 exercitationibus
1507 2167 1597 2211 quae
1613 2157 1791 2202 propriam

228 2205 404 2240 actionem
429 2202 705 2247 antecedebant,
739 2204 801 2237 aut
825 2201 930 2236 simili
935 2167 1057 2236 pmodo
1082 2203 1187 2246 atque
1213 2202 1424 2237 Eunuchum
1450 2203 1656 2248 cognovisse
1680 2205 1792 2248 putat.

228 2252 298 2288 Sed
329 2263 375 2287 ex
400 2251 565 2287 Eunuchi
595 2249 737 2295 prologo
769 2249 914 2284 minime
944 2248 1063 2284 elucet
1084 2248 1212 2284 Luscio
1237 2249 1274 2284 in
1299 2250 1506 2286 universum
1530 2249 1672 2287 licuisse
1698 2251 1790 2287 eius-

227 2299 322 2333 modi
357 2297 670 2333 exercitationibus
699 2296 876 2330 interesse
909 2296 969 2337 (cf.
995 2296 1091 2331 infra
1113 2307 1146 2340 p.
1173 2297 1245 2340 46).
1295 2297 1487 2332 Praeterea
1514 2298 1658 2333 Terenti
1680 2298 1791 2343 ipsius

228 2345 382 2390 verbis,
385 2345 440 2390 ,de
466 2355 504 2381 se
530 2344 606 2390 ipse
631 2342 760 2379 indicio
785 2342 888 2378 for“e
913 2343 1077 2378 vetamur
1098 2343 1142 2378 de
1160 2343 1443 2380 adversariorum
1459 2344 1607 2381 crimine
1625 2345 1789 2392 cogitare.

226 2396 276 2429 At
305 2394 372 2428 hoc
404 2393 434 2427 si
464 2393 515 2427 ita
545 2393 617 2435 est,
655 2402 801 2427 curnam
826 2393 931 2435 poeta
955 2390 1097 2426 omnino
1121 2391 1314 2436 profitetur
1336 2402 1375 2427 se
1401 2403 1448 2428 ex
1471 2392 1604 2438 Diphili
1628 2393 1748 2430 fabula
1771 2405 1793 2430 a

226 2440 353 2476 Plauto
385 2440 455 2474 iam
487 2439 643 2474 adhibita
674 2437 824 2483 aliquam
858 2447 1022 2473 scaenam
1047 2438 1085 2472 in
1109 2437 1289 2483 Adelphos
1313 2449 1414 2474 suam
1437 2439 1660 2475 intermisse?
1710 2441 1793 2486 quia

227 2489 339 2532 timet,
372 2498 418 2522 ne
443 2486 493 2522 illi
518 2485 638 2522 fabula
662 2486 741 2521 acta
763 2485 900 2520 furtum
925 2484 992 2520 sibi
1017 2484 1170 2521 obiciant
1193 2496 1305 2531 aeque
1331 2487 1436 2532 atque
1461 2487 1499 2522 in
1523 2486 1695 2523 Eunucho
1719 2498 1790 2524 non

226 2536 337 2570 multo
363 2536 445 2570 ante
470 2536 550 2570 acta
573 2534 633 2579 (cf.
659 2533 756 2568 infra
778 2544 813 2577 p.
838 2532 910 2578 32).
937 2553 979 2559 —
1007 2533 1053 2568 cf.
1079 2534 1199 2569 autem
1223 2533 1440 2569 Karstenum
1463 2533 1486 2569 l.
1504 2533 1527 2570 l.
1546 2546 1579 2579 p.
1597 2535 1679 2572 210.

347 2582 389 2627 ⁸⁹)
414 2581 541 2617 Bosse:
568 2580 793 2626 quaestiones
817 2579 1060 2615 Terentianae.
1085 2579 1235 2615 Dissert.
1259 2580 1375 2626 inaug.
1400 2581 1494 2626 Lips.
1511 2582 1604 2618 1874
1623 2593 1657 2627 p.
1674 2583 1718 2618 16
1738 2593 1789 2628 sq.

345 2630 361 2649 4

344 2628 390 2718 ⁴53
414 2629 468 2709 ἐξ
489 2626 897 2718 zffiuifftsssseizss
898 2637 951 2708 <12
968 2637 1065 2708 ἓξ
1069 2627 1721 2720 νὲἒιὲοὲὲᾶἓῇἕίὲωέιξέῗίἓιωωῃι,
1747 2678 1790 2712 aa

226 2722 415 2758 maximam
448 2720 792 2758 verisimilitudinem
823 2720 994 2756 accedere
1025 2720 1111 2755 mihi
1142 2720 1285 2756 videtur
1314 2720 1350 2755 id
1376 2722 1467 2766 quod
1492 2721 1742 2758 Roehrichtius
1766 2723 1788 2759 l.

225 2782 252 2806 s.
280 2781 308 2807 s,
334 2781 367 2815 p.
393 2770 440 2805 26
466 2769 572 2813 (Diss.
597 2768 682 2813 phil.
709 2770 857 2813 Argent.
883 2767 938 2804 IX
964 2778 997 2813 p.
1026 2768 1108 2813 318)
1134 2768 1307 2814 exposuit.
