2067 3311
898 142 1190 184 ...56-

475 258 677 311 „Nolite
706 260 875 302 sinere
905 272 980 314 per
1010 272 1084 300 vos
1114 263 1243 300 artem
1277 259 1481 304 musicam

475 316 676 360 Recidere
707 318 759 359 ad
790 331 965 373 paucos:
998 318 1119 360 facite
1149 320 1198 359 ut
1228 320 1400 358 vostra
1430 317 1707 358 auctoritas

477 376 615 418 Meae
645 377 948 418 auctoritati
978 377 1136 418 fautrix
1166 375 1437 430 adiutrixque
1466 376 1531 417 sit.

476 434 639 477 Sinite
669 435 892 490 impetrare
921 448 1001 488 me,
1032 436 1106 490 qui
1137 435 1180 476 in
1211 434 1401 476 tutellam
1431 433 1591 476 meam“
1622 446 1684 489 sq.

383 493 564 535 Tantum
594 494 726 549 igitur
756 493 888 547 abest,-
915 497 963 536 ut
987 495 1023 536 si
1048 494 1120 535 illa
1144 492 1270 535 verba
1297 493 1530 542 retinueris,
1560 505 1671 535 nova
1695 505 1820 547 quae·

265 553 362 594 dam
387 551 525 607 figura
549 557 758 608 appareat,
789 557 837 595 ut
860 552 944 595 illis
967 554 1136 595 insertis
1160 552 1442 594 adnominatio
1468 551 1637 606 („nolite
1661 550 1821 594 sinere“

264 635 318 641 —
352 612 538 666 „sinite“)
569 625 741 667 prorsus
770 611 1018 653 infirmetur.

382 669 547 720 Quibus
573 671 711 713 causis
736 673 971 712 commotus
995 670 1072 711 hos
1097 683 1244 712 versus
1268 669 1407 712 solum
1430 670 1475 711 in
1500 669 1814 711 Heautontimo-

261 730 427 770 rumeni
450 729 552 783 prol.
577 729 777 784 legendos
799 740 890 770 esse
916 732 1062 770 contra
1086 728 1309 783 plerosque
1332 728 1481 783 viros4)
1499 728 1642 769 doctos
1659 740 1819 770 censeo.

353 823 378 875 g
411 824 449 863 2.
503 823 567 863 De
601 823 1145 864 Heautontimorumeni
1182 822 1370 874 prolog!
1404 833 1546 864 versu
1579 825 1731 864 sexto.

378 892 430 934 In
455 892 924 935 Heautontimorumeni
948 891 1121 948 prologo
1149 892 1303 947 legitur
1330 892 1399 934 hic
1425 904 1573 933 versus
1601 890 1676 947 (6):

476 951 670 1006 „Duplex
701 964 810 1005 quae
841 964 895 991 ex
926 954 1173 1003 argumento
1204 950 1311 992 facta
1342 954 1405 992 est
1434 950 1648 1004 simplici“.

264 1008 345 1061 Qui
364 1010 482 1053 locus
501 1013 563 1052 est
588 1009 991 1052 conclamatissimus
1012 1010 1121 1051 inter
1140 1009 1254 1051 viros
1275 1008 1429 1051 doctos.
1461 1007 1558 1051 Duo
1581 1010 1691 1051 enim
1709 1013 1820 1063 sunt,

263 1069 418 1124 quibus
453 1071 605 1110 iterum
639 1070 878 1123 iterumque
917 1070 998 1109 viri
1036 1069 1147 1109 docti
1184 1067 1479 1110 sollicitentur:
1524 1069 1681 1110 scilicet
1711 1070 1820 1110 sitne

262 1129 433 1169 omnino
483 1140 629 1169 versus
677 1128 756 1169 iste
796 1127 1026 1181 genuinus,
1076 1126 1269 1168 dubitant
1313 1139 1390 1168 nec
1427 1127 1636 1181 quomodo
1674 1139 1820 1169 versus

263 1187 317 1228 sit
347 1186 569 1241 legendus,
605 1188 783 1240 possunt
812 1186 1019 1241 expedire.

381 1244 553 1286 Primus
583 1244 651 1287 W.
683 1242 828 1298 Ihne⁵)
859 1257 1029 1286 versum
1059 1243 1251 1285 Terentio
1285 1244 1504 1298 indignum
1538 1257 1628 1286 esse
1658 1245 1821 1286 censuit

261 1306 387 1358 atque
432 1304 651 1358 expunxit
719 1301 844 1345 Multi
887 1306 1026 1344 autem
1067 1303 1321 1344 exstiterunt
1357 1302 1545 1344 eiusdem
1583 1302 1820 1344 defensores

263 1364 450 1416 rationis,
481 1363 590 1405 sicut
620 1361 921 1416 Ritschelius‚⁰)
953 1360 1292 1417 Fleckeisenus,⁷)
1324 1359 1572 1415 Dziatzko‚⁸)
1605 1360 1670 1404 W.
1692 1360 1819 1418 Wag-

261 1423 386 1474 ner‚⁹)
418 1420 612 1474 Fabia,¹⁰)
645 1420 837 1461 Karsten.
847 1420 897 1474 ιι)
944 1420 1025 1461 Sed
1058 1433 1225 1461 versum
1257 1433 1334 1461 cur
1363 1421 1591 1460 insiticium
1623 1433 1714 1461 esse
1738 1422 1819 1461 viri

264 1479 375 1522 docti
405 1480 658 1535 putaverint,
687 1478 845 1521 frustra
876 1479 1054 1534 quaeris.
1104 1477 1212 1521 Nam
1245 1478 1357 1535 quod
1388 1476 1590 1521 Dziatzko
1621 1481 1663 1521 et
1692 1477 1821 1521 Fabia

264 1540 384 1579 aiunt
408 1551 580 1579 versum
601 1539 969 1591 grammaticorum
991 1538 1236 1591 sapientiam
1259 1550 1414 1592 sapere,
1438 1538 1541 1578 haec
1562 1539 1666 1579 ratio
1686 1538 1820 1579 futilis

262 1610 353 1639 esse
391 1596 497 1639 mihi
526 1596 704 1639 videtur.
765 1595 943 1638 Nullum
973 1596 1101 1651 igitur
1131 1599 1427 1651 argumentum
1456 1596 1537 1638 viri
1569 1596 1678 1638 docti
1708 1600 1818 1639 attu-

261 1657 418 1708 lerunt,
461 1668 545 1710 quo
588 1654 834 1709 probaretur
876 1668 1044 1695 versum
1089 1657 1279 1709 spurium
1324 1668 1437 1706 esse;
1481 1668 1649 1712 versum
1694 1657 1818 1697 etiam

262 1714 543 1756 necessarium
587 1726 678 1756 esse
720 1726 859 1769 neque
902 1714 1072 1756 omnino
1116 1713 1343 1755 desiderari
1378 1726 1500 1769 posse
1536 1725 1590 1755 ex
1628 1713 1818 1756 versibus

261 1773 536 1827 sequentibus
552 1785 749 1827 apparere
762 1774 1002 1827 nuperrime
1011 1772 1317 1821 Skutschiusu)
1327 1773 1636 1814 demonstravit.
1665 1772 1817 1815 Teren-

261 1832 369 1874 tium
402 1832 513 1873 enim
547 1831 683 1873 dicere
715 1845 754 1874 v.
782 1831 826 1873 7:

474 1890 664 1944 „Novam
694 1903 785 1932 esse
816 1891 978 1932 ostendi
1009 1894 1050 1931 et
1081 1902 1189 1945 quae
1220 1890 1363 1932 esset“.

376 1982 406 2026 ⁴)
431 1982 567 2017 Versus
598 1993 645 2017 ex
675 1982 804 2017 Heaut.
836 1981 922 2026 prol.
955 1981 1170 2026 expulerunt
1193 1981 1252 2017 vel
1282 1981 1383 2016 uncis
1412 1981 1638 2017 secluserunt
1660 1982 1819 2028 Wagner

259 2029 296 2063 in
326 2029 496 2064 Hautont.
523 2029 606 2064 edit.
656 2028 827 2074 (Berolini
854 2028 960 2071 1872)
986 2030 1023 2063 et
1046 2028 1084 2062 in
1108 2027 1223 2063 annal.
1249 2028 1333 2073 phil.
1359 2039 1440 2063 nov.
1465 2028 1550 2064 XIG
1574 2039 1607 2074 p.
1624 2029 1693 2065 281
1720 2031 1757 2065 et
1779 2030 1817 2064 in

260 2075 418 2111 omnium
442 2075 586 2111 Terenti
610 2075 703 2111 sabb.
731 2075 813 2110 edit.
840 2074 1061 2121 (Cambridge
1089 2075 1205 2118 1869).
1231 2095 1276 2100 —
1303 2074 1552 2121 Umpfenbach
1575 2076 1613 2110 in
1636 2075 1714 2113 Ter.
1733 2077 1815 2112 edit.

258 2122 388 2168 (Berol.
422 2123 539 2168 1870).
573 2144 617 2150 -
650 2122 856 2159 Fleckeisen
881 2122 918 2158 in
949 2121 1062 2159 altera
1090 2122 1233 2159 Terenti
1263 2121 1356 2158 sabb.
1383 2121 1466 2158 edit.
1492 2122 1601 2169 (Lips.
1631 2123 1746 2165 1898).
1772 2144 1815 2150 —

258 2170 417 2205 Amdohr
445 2170 468 2205 l.
501 2180 529 2206 s.
561 2180 589 2206 s.
621 2181 655 2215 p.
689 2170 733 2206 19
764 2179 839 2215 sqq.
873 2190 917 2195 —
949 2170 1022 2205 Leo
1053 2179 1192 2215 quoque
1220 2170 1259 2204 in
1283 2170 1578 2205 commentatione
1603 2181 1668 2205 sua
1690 2181 1816 2206 versus

257 2217 423 2262 Hecyrae
448 2218 589 2263 prologo
614 2218 783 2252 attribuit.
810 2237 855 2242 —
881 2217 1013 2253 Contra
1036 2227 1163 2252 versus
1187 2217 1224 2251 in
1249 2217 1337 2252 Hec.
1354 2216 1442 2261 prol.
1467 2217 1569 2253 uncis
1594 2217 1817 2254 secluserunt

258 2264 425 2299 Dziatzko
455 2264 494 2299 in
526 2265 609 2299 edit.
635 2264 838 2299 Tauchnitz.
865 2263 990 2309 (18843
1016 2264 1062 2298 cf.
1089 2264 1201 2307 praef.
1227 2275 1260 2308 p.
1285 2263 1463 2310 XXXIV)
1489 2265 1526 2299 et
1550 2263 1756 2301 Fleckeisen
1780 2266 1816 2300 in

258 2311 374 2356 priore
400 2311 482 2346 edit.
508 2311 640 2347 Teubn.
668 2311 800 2357 (1857).

376 2357 405 2404 ⁸)
430 2358 521 2394 Ihne
546 2358 583 2393 in
608 2358 691 2393 diss.
716 2357 834 2402 inaug.
861 2357 988 2403 (thesis
1015 2357 1083 2402 14).
1104 2390 1108 2394 .

377 2405 404 2449 ⁸)
428 2405 645 2440 Ritschelius
656 2405 694 2440 in
707 2404 799 2440 Mus.
812 2414 894 2443 nov.
905 2404 1020 2440 Rhen.
1034 2404 1086 2440 VI
1099 2404 1220 2450 (1848)
1233 2416 1267 2450 p.
1280 2405 1350 2441 446
1364 2406 1401 2440 et
1411 2405 1448 2440 in
1466 2405 1635 2451 Parerg.I
1648 2417 1681 2451 p.
1693 2407 1760 2442 381
1780 2418 1815 2442 n.

380 2453 405 2497 ⁷)
428 2452 637 2489 Fleckeisen
662 2452 701 2487 in
726 2451 938 2487 editionibus
961 2451 1094 2488 Teubn.

256 2500 405 2583 ΧΧΙΠΒ)
429 2500 597 2535 Dziatzko
628 2500 666 2534 in
696 2499 779 2534 diss.
811 2500 928 2544 inaug.
954 2510 986 2544 p.
1013 2499 1149 2535 10-11
1185 2501 1224 2535 et
1246 2500 1285 2534 in
1310 2500 1391 2535 edit.
1417 2500 1619 2536 Tauchnitz.
1645 2502 1756 2546 praef.
1783 2513 1815 2547 p.

300 2641 308 2648 ·
377 2594 403 2640 ⁹)
429 2595 590 2648 Wagner
610 2594 648 2629 in
665 2593 780 2629 annal.
799 2593 915 2648 philol.
934 2605 1014 2630 nov.
1035 2594 1125 2630 1865
1152 2605 1183 2639 p.
1204 2594 1290 2639 284;
1316 2594 1354 2629 in
1377 2594 1455 2630 Ter.
1472 2594 1565 2631 sabb.
1584 2595 1666 2631 edit.
1699 2595 1814 2640 (Cam-

257 2641 778 2734 brldge¹⁰lgggl³iallll.fls[?llst.⁰11l)t.·
798 2641 887 2724 leglt·
914 2641 1195 2734 (¹83¹3)Xarsten
1220 2688 1241 2724 l.
1269 2699 1296 2724 s.
1323 2699 1351 2725 s.
1377 2700 1410 2734 p.
1432 2688 1499 2726 196
1524 2700 1575 2735 sq.
1602 2690 1640 2725 et
1663 2689 1743 2726 201.

378 2736 420 2779 ¹²)
446 2735 653 2771 Skutschius
677 2736 714 2771 in
739 2735 910 2781 Philologi
935 2737 1017 2772 tom.
1043 2735 1128 2771 LIX
1153 2736 1274 2782 (1900)
1300 2748 1332 2782 p.
1351 2738 1373 2773 5
1398 2747 1450 2782 sq.
