2067 3311
841 113 1131 154 -77-

211 232 436 274 verisimile
461 232 628 287 quidem
655 236 728 275 est.
774 231 1017 274 Ditissimus
1042 233 1155 274 enim
1171 233 1352 287 quisque
1367 231 1513 273 aedilis
1529 229 1760 273 creabatur.

210 290 329 334 Idem
366 303 572 347 magnane
607 291 840 334 eruditione
869 295 996 347 atque
1025 291 1214 334 doctrina
1243 290 1458 347 praeditus
1487 293 1614 343 esset,
1650 293 1761 332 certe

172 358 175 361 ·
210 363 296 392 non
339 350 627 405 quaerebatur.
693 351 913 393 Praeterea
954 354 1124 406 apparet
1165 350 1340 404 aediles,
1382 350 1418 392 si
1456 349 1627 392 omnino
1662 362 1761 391 oum

210 409 343 465 poetis
379 413 572 465 egerunt,
607 423 632 452 a
667 411 800 465 poetis
835 410 957 452 novis
991 408 1200 465 planeque
1236 410 1391 464 ignotis
1426 408 1591 451 fabulas
1624 420 1762 449 emere

210 471 331 511 caute
354 469 508 512 veritos
533 482 635 524 esse,
659 482 755 512 cum
780 468 991 525 populone
1015 481 1158 511 eorum
1184 467 1351 511 fabulae
1366 468 1595 524 placiturae
1610 470 1761 521 essent,

211 528 336 570 nimis
367 528 542 570 dubium
573 532 693 572 esset.
734 528 908 570 Veteres
938 531 1080 570 autem
1108 531 1264 582 poetas,
1295 529 1368 594 qui
1398 528 1541 582 populi
1571 528 1761 568 animum

210 588 355 631 multis
379 592 420 630 et
442 588 564 631 bonis
587 587 740 630 fabulis
765 586 1072 630 delectaverant
1095 591 1137 629 et
1160 599 1283 642 saepe
1306 589 1406 629 o'um
1429 586 1598 629 domino
1621 586 1761 642 gregis

211 650 398 702 egerant,
437 659 512 702 per
547 647 661 688 hunc
697 658 863 701 semper
897 646 1062 687 fabulas
1091 658 1223 687 novas
1253 646 1458 687 aedilibus
1488 646 1690 687 obtulisse
1720 651 1762 686 et

210 718 285 761 per
314 718 359 748 se
390 705 614 749 verisimile
645 708 709 748 est
738 709 780 748 et
804 703 955 748 Caecili
987 708 1030 747 et
1051 703 1219 747 Terenti
1248 704 1452 761 exemplis
1479 702 1762 758 confirmatur,

211 777 388 832 quorum
428 769 605 819 uterque
640 764 803 805 tabulas
839 777 969 806 novas
1006 777 1169 819 semper
1205 763 1249 805 L.
1275 764 1473 805 Ambivio
1502 763 1703 819 Turpioni
1711 765 1761 816 ⁸⁹)

161 869 165 873 ,
210 816 391 878 agendas
421 823 601 866 tradidit.

330 881 494 931 Quibus
519 883 720 937 expositis
744 882 1031 923 intelleximus
1054 885 1221 937 poetam
1243 881 1406 923 fabulas
1431 894 1562 923 novas
1577 882 1761 923 venden-

211 941 285 983 das
309 942 361 982 ad
387 941 602 983 dominum
628 940 766 996 gregis
792 939 1003 996 quendam
1028 940 1238 995 detulisse,
1261 953 1346 981 non
1368 940 1421 982 ad
1437 940 1550 996 ipsos
1564 940 1761 982 ludorum

170 1019 173 1020 ⁷
210 1004 434 1042 curatores.
480 999 688 1041 Dominus
718 1003 860 1041 autem
888 1000 1028 1055 gregis
1057 999 1243 1041 fabulam
1272 999 1405 1054 pretio
1431 1012 1509 1042 suo
1534 1004 1660 1055 atque
1684 1012 1762 1042 suo

210 1059 394 1113 periculo
432 1059 532 1100 emit
570 1070 747 1113 eamque
782 1058 895 1100 ludis
923 1058 1177 1100 instantibus
1207 1058 1412 1100 aedilibus
1442 1071 1528 1100 una
1557 1071 1655 1100 oum
1685 1071 1763 1100 sua

210 1118 433 1172 gregisque
464 1129 589 1172 opera
619 1118 756 1158 locare
786 1117 936 1159 studet.
996 1115 1204 1159 Dominus
1233 1118 1363 1171 igitur
1387 1118 1541 1172 gregis,
1573 1118 1617 1159 id
1648 1118 1762 1172 quod

210 1188 307 1217 oum
343 1177 434 1218 eius
469 1176 714 1218 auctoritate
750 1175 817 1229 (cf.
849 1188 977 1244 supra
1012 1189 1051 1231 p.
1080 1176 1149 1228 72)
1179 1176 1364 1217 maxime
1396 1177 1605 1230 convenit,
1633 1177 1761 1217 inter-

210 1235 386 1277 cessoris
415 1247 590 1277 munere
619 1234 821 1289 fungitur,
851 1236 926 1290 qui
956 1248 1033 1277 suo
1058 1235 1242 1290 periculo
1273 1235 1436 1290 aliquas
1465 1247 1532 1277 res
1562 1235 1675 1288 emit,
1705 1247 1761 1277 ex

210 1293 365 1348 quibus
394 1293 559 1336 lucrum
582 1293 723 1336 faciat.

326 1351 582 1394 Huiusmodi
624 1352 808 1407 negotia,
849 1352 902 1394 ad
946 1365 1055 1408 quae
1095 1352 1321 1394 factitanda
1356 1351 1537 1394 Romani
1578 1353 1762 1395 maxime

209 1411 413 1479 proclives
444 1414 601 1464 essent,
623 1410 833 1452 omnibus
863 1410 1121 1466 temporibus
1151 1410 1310 1452 Romae
1342 1412 1615 1452 usitatissima
1643 1416 1764 1453 erant

209 1471 253 1511 in
268 1470 355 1511 vita
376 1473 418 1511 et
437 1443 603 1524 publica
626 1473 667 1511 et
687 1470 915 1525 privata⁴⁰)
947 1468 1079 1512 Cuius
1100 1469 1418 1513 consuetudinis
1437 1482 1572 1525 pauca
1593 1469 1759 1512 afferam

210 1528 412 1583 exempla.

327 1588 468 1643 Atque
506 1587 688 1642 primum
725 1587 897 1643 quidem
932 1588 978 1629 in
1008 1586 1293 1630 Romanorum
1329 1588 1416 1629 vita
1451 1586 1619 1642 publica
1649 1588 1760 1629 eius-

209 1646 323 1688 modi
349 1647 514 1700 negotia
539 1658 735 1701 persaepe
759 1650 995 1689 occurrunt.
1043 1645 1195 1688 Omnia
1219 1647 1332 1687 enim
1348 1646 1517 1700 tributa,
1542 1646 1763 1702 vectigalia

209 1708 258 1746 ut
298 1716 373 1760 per
414 1709 543 1746 totam
580 1705 890 1760 antiquitatem,
931 1706 990 1747 ita
1025 1704 1137 1761 apud
1174 1704 1403 1757 Romanos,
1445 1717 1530 1746 non
1568 1717 1643 1760 per
1679 1717 1763 1759 eos,

211 1763 366 1819 quibus
396 1764 594 1805 salarium
626 1763 814 1818 dabatur,
845 1763 1134 1819 exigebantur,
1164 1764 1238 1806 sed
1269 1764 1370 1806 haec
1400 1764 1543 1806 omnia
1572 1764 1763 1820 redemp-

209 1822 424 1874 toribus⁴¹)
462 1823 668 1878 exigenda
704 1822 986 1865 tradebantur.
1048 1821 1130 1873 Qui
1163 1824 1361 1878 quoniam
1392 1836 1488 1865 eum
1520 1835 1566 1865 re
1595 1823 1763 1879 publica

209 1895 284 1937 per
313 1894 505 1923 censores
535 1886 773 1924 contractus
803 1882 1022 1936 faciebant,
1052 1881 1264 1938 publicani
1295 1882 1623 1938 appellabantur.
1678 1881 1763 1925 His

208 1939 489 1982 contractibus
525 1939 738 1994 publicani
773 1953 819 1982 se
856 1944 1011 1982 certam
1048 1942 1250 1995 pecuniae
1280 1954 1490 1982 summam
1519 1941 1762 1983 censoribus

211 1999 422 2040 soluturos
447 2010 538 2040 esse
561 1998 869 2054 promittebant,
894 2011 978 2054 quo
1003 2002 1124 2054 pacto
1148 1998 1305 2040 tributa
1324 1999 1384 2040 eis
1402 1999 1607 2054 exigenda
1627 1999 1762 2041 trade-

209 2057 427 2110 bantur.⁴²)
467 2056 617 2112 Neque
641 2058 761 2099 aliter
783 2058 938 2112 templa
962 2057 1231 2109 aedificanda,
1255 2071 1389 2112 aquae
1413 2057 1563 2099 ductae
1583 2058 1763 2112 viaeque

209 2115 448 2169 struendae,
485 2114 672 2157 aedificia
706 2115 875 2171 publica
910 2116 1185 2169 restituenda,
1222 2120 1369 2171 pontes
1406 2116 1654 2170 cloacaeque
1689 2128 1763 2157 ex-

209 2175 445 2228 struendae,
475 2176 616 2217 omnia
644 2175 812 2230 publice
835 2174 1093 2218 aedificanda
1117 2179 1159 2218 et
1182 2175 1369 2217 ornanda
1394 2174 1628 2231 publicanis
1652 2175 1762 2217 loea-

211 2233 376 2287 bantur,
401 2233 474 2287 qui
500 2237 612 2274 certo
636 2235 769 2287 pretio
793 2234 1021 2275 constituto
1045 2234 1119 2275 illa
1134 2246 1260 2288 opera
1275 2234 1533 2275 conficienda
1547 2234 1762 2287 curabant,

211 2304 338 2346 quam
369 2304 457 2333 rem
489 2293 680 2346 quaestui
711 2291 987 2345 habebant.4³)

329 2383 371 2427 ⁸⁹)
395 2383 472 2418 Hoc
497 2384 643 2428 apparet
666 2393 713 2418 ex
736 2383 825 2419 Hee.
852 2383 940 2429 prol.
964 2384 1002 2419 ΙΙ
1027 2386 1065 2419 et
1088 2395 1135 2419 ex
1158 2384 1355 2420 didascaliis
1379 2385 1610 2420 Terentianis.

325 2429 371 2476 ⁴¹¹)
395 2428 719 2475 Marquardt-Mau:
754 2429 850 2475 „Das
881 2430 1111 2467 Privatleben
1134 2431 1200 2467 der
1223 2431 1403 2466 Riimer⁴‘²
1425 2442 1459 2476 p.
1483 2431 1552 2467 399
1577 2441 1628 2477 sq.
1655 2431 1762 2477 (Mar-

210 2479 352 2524 quardt-
352 2477 570 2514 Mommsen:
596 2477 728 2523 antiqu.
753 2478 854 2515 Rom.
866 2477 881 2498 ²
904 2478 976 2515 VII
990 2478 1040 2525 2.)

326 2526 371 2568 ⁴)
396 2537 430 2560 v.
457 2525 705 2569 „redemptor‘
729 2536 783 2570 ap.
808 2526 955 2561 Festum
980 2526 1033 2571 (Ο.
1059 2526 1099 2561 Ο.
1116 2526 1260 2562 Miilleri
1284 2527 1338 2562 ed.
1367 2527 1469 2563 1880.
1493 2526 1588 2571 Lips
1613 2538 1646 2572 p.
1664 2526 1762 2572 270).

210 2593 253 2599 —
286 2572 362 2610 CIL
385 2572 438 2608 VI
469 2573 487 2607 1
522 2582 556 2617 p.
584 2572 652 2607 154
688 2583 723 2607 n.
749 2572 853 2608 8771».
909 2573 956 2608 of.
991 2573 1162 2618 quomodo
1197 2573 1258 2608 Th.
1289 2573 1488 2609 Mommsen
1524 2574 1629 2608 huius
1665 2574 1762 2619 frag-

209 2620 321 2655 menti
343 2631 376 2655 v.
397 2620 440 2654 13
464 2629 516 2663 sq.
533 2618 766 2665 suppleveritz
789 2621 977 2664 praeterea
998 2621 1045 2656 cf.
1069 2620 1180 2656 idem:
1204 2620 1257 2665 Ep
1258 2620 1293 2656 h.
1312 2631 1356 2666 ep
1358 2620 1474 2656 ,VIII
1491 2619 1612 2666 (1899)
1629 2631 1662 2666 p.
1682 2620 1762 2657 245.

326 2667 370 2710 ⁴¹)
395 2667 441 2702 of.
467 2666 692 2711 Marquardt·
713 2666 814 2702 Βὸιιι.
840 2667 1089 2703 Staatsverw.¹
1114 2667 1197 2713 IIp
1200 2667 1302 2704 ,299
1328 2678 1379 2712 sq.

329 2713 372 2758 ⁴³)
399 2712 969 2759 ef.Ma1·:,quardt,P1·ivatleben
993 2715 1058 2750 der
1082 2715 1134 2749 Ro
1114 2717 1235 2750 omer“
1245 2715 1315 2759 ².p
1341 2715 1410 2750 399
1434 2725 1485 2761 sq.
