2067 3311
903 132 1194 174 ..60-

388 248 602 305 „Simplex
651 261 759 304 quae
808 261 863 290 ex
915 252 1161 305 argumento
1209 247 1317 291 facta
1365 252 1429 291 est
1473 248 1666 304 duplici“‚
1717 260 1825 303 quae

275 308 527 361 coniectura,
559 320 657 349 cum
687 321 712 349 a
742 307 907 363 legibus
936 309 1091 350 senarii
1121 307 1353 361 abhorreat,
1383 307 1481 348 ferri
1511 308 1668 362 nequit.

387 365 466 409 ΙΙΙ.
525 366 706 408 Tertiam
765 367 978 422 quandam
1036 367 1355 423 explicationem
1415 367 1661 409 invenimus·
1713 365 1822 423 apud

270 424 582 478 Roetterum‚²⁶)
614 426 688 480 qui
720 426 772 468 de
804 426 968 468 duabus
999 427 1185 468 eiusdem
1217 426 1399 468 nominis
1430 424 1825 479 „Heautontimoru-

270 484 439 525 menos“
484 483 640 526 fabulis
684 484 944 527 Terentianis
986 486 1162 539 cogitat:
1204 486 1388 540 primum
1431 484 1543 525 enim
1584 482 1821 525 Terentium

271 542 395 584 aliam
427 544 556 585 huius
586 545 770 585 nominis
806 543 990 585 fabulam
1026 544 1071 584 in
1109 544 1247 585 lucem
1290 543 1491 585 edidisse:
1533 544 1740 597 integram
1770 554 1825 583 ex

269 603 442 656 integra.
504 601 676 644 Poetam
709 615 807 643 vero
840 602 952 655 quod
983 602 1304 643 contaminando
1334 605 1500 656 putaret
1530 601 1822 655 elegantiorem

270 672 361 702 eam
393 663 435 703 et
465 660 516 702 ad
541 660 714 716 plausus
737 659 967 702 movendos
993 660 1195 716 aptiorem
1219 659 1319 713 fore,
1349 659 1649 714 retractavisse,
1679 661 1824 701 conta-

270 720 508 772 minavisse,
553 733 705 761 novam
730 720 902 761 fecisse:
946 732 1001 760 ex
1047 720 1184 774 priore
1214 719 1394 773 simplici
1425 719 1635 773 duplicem
1663 718 1824 761 fecisse.

270 777 362 819 Hoc
394 778 516 819 modo
548 777 710 833 prologi
747 777 874 819 verba
899 781 1023 819 -certe
1060 778 1214 833 optime
1253 777 1536 832 explicant-ur,
1580 777 1821 832 praesertim

269 849 366 878 cum
399 849 507 891 quae
538 841 647 878 esset
678 838 803 878 huius
832 849 981 878 versus
1012 837 1235 890 sententia,
1273 848 1419 878 omnes
1449 839 1718 890 spectatores,
1750 836 1822 890 qui

268 896 447 950 priorem
491 895 679 937 fabulam
723 896 1041 950 spectavissent‚
1086 895 1199 936 haud
1244 895 1539 949 ignoraverint.
1614 894 1697 936 Sed
1738 897 1825 936 tota

269 955 487 1008 sententia,
518 967 603 1009 qua
632 959 797 1009 recepta
821 955 923 996 haec
952 953 1094 995 fabula
1123 955 1168 995 in
1201 953 1307 995 duas
1336 957 1475 1008 partes
1505 953 1722 1006 scinditur,
1752 954 1824 1005 eis,

270 1025 378 1068 quae
417 1014 477 1054 vir
526 1014 672 1055 doctus
715 1013 926 1068 exposuit,
973 1013 1146 1054 minime
1187 1012 1405 1067 probatur,
1450 1012 1513 1054 id'
1540 1012 1654 1067 quod
1699 1012 1822 1053 etiam

269 1071 520 1114 Skutschius
552 1071 591 1125 (l.
623 1085 654 1113 s.
686 1074 735 1126 s.)
767 1072 966 1113 concedit.
1026 1071 1246 1113 Praeterea
1276 1070 1511 1124 Roetterus‚
1540 1075 1590 1112 ut
1619 1071 1825 1112 sententia

268 1131 430 1186 prolata
460 1134 570 1172 stare
601 1131 772 1172 omnino
793 1131 935 1186 possit,
965 1130 1090 1172 etiam
1114 1129 1335 1185 prologum
1357 1126 1825 1171 Heautontimorumeni

267 1191 313 1231 in
357 1189 463 1232 duos
503 1190 699 1245 prologos
741 1191 793 1231 ad
836 1189 931 1231 illas
971 1190 1075 1231 duas
1112 1190 1296 1231 actiones
1331 1190 1587 1244 pertinentes
1619 1189 1824 1243 discerpit.

269 1247 465 1303 Denique
494 1261 579 1289 non
611 1249 888 1303 intellegitur,
920 1248 1128 1302 quomodo
1158 1247 1251 1289 fieri
1281 1248 1476 1302 potuerit,
1507 1251 1555 1288 ut
1584 1247 1646 1288 illi
1675 1259 1825 1288 versus

269 1307 323 1349 ad
352 1308 503 1363 prioris
548 1311 712 1349 tantum
756 1307 931 1349 actionis
967 1306 1188 1361 prologum
1220 1309 1453 1361 spectantes
1484 1306 1655 1348 omnino
1685 1318 1823 1347 serva-

269 1370 427 1419 rentur,
456 1367 697 1421 praesertim
730 1378 827 1407 cum
858 1366 964 1418 ideo,
995 1366 1107 1420 quod
1130 1366 1232 1406 haec
1254 1364 1397 1406 fabula
1425 1365 1630 1419 posterior
1658 1368 1826 1419 propter

271 1424 369 1480 Syri
398 1424 586 1480 fraudes,
617 1423 865 1482 Clitiphonis
895 1436 1058 1467 amores
1091 1424 1226 1481 magis
1254 1423 1410 1481 populo
1439 1423 1638 1481 placeret,
1667 1423 1823 1467 factum

269 1498 360 1527 esse
393 1487 458 1526 vir
489 1486 635 1526 doctus
665 1486 754 1539 ipse
786 1486 907 1538 dicat,
936 1488 985 1526 ut
1013 1486 1127 1538 prior
1157 1488 1431 1527 evanesceret.

387 1542 539 1599 Neque
567 1544 770 1585 maiorem
800 1542 1103 1598 probabilitatis
1134 1543 1315 1598 speciem
1329 1554 1406 1596 .ea,
1437 1554 1565 1598 quam
1586 1539 1826 1596 Venediger

270 1603 310 1656 (l.
343 1616 373 1644 s.
406 1616 438 1644 s.
468 1617 508 1657 p.
544 1603 626 1644 133
667 1603 771 1657 sqq.)
815 1603 1006 1657 protulit,
1048 1614 1149 1657 prae
1191 1614 1236 1643 se
1271 1602 1351 1643 fert
1386 1602 1604 1643 sententia.
1672 1600 1826 1643 Statuit

269 1662 380 1702 enim
427 1662 494 1702 vir
539 1661 686 1702 doctus
715 1660 954 1702 Terentium
993 1660 1498 1702 Heautontimorumenon
1541 1659 1725 1700 fabulam
1770 1671 1825 1700 ex

268 1733 356 1762 una
386 1720 566 1775 simplici
592 1719 814 1762 Menandri
844 1719 986 1761 fabula
1019 1719 1292 1770 convertisse3
1325 1723 1415 1760 tum
1447 1731 1546 1760 vero
1577 1731 1674 1760 cum
1695 1718 1825 1760 huius

270 1779 550 1820 Menandreae
580 1778 746 1819 fabulae
777 1782 1024 1832 argumento
1053 1790 1226 1832 prorsus
1257 1777 1372 1818 aliud
1403 1781 1699 1830 argumentum
1730 1790 1755 1817 a
1779 1789 1825 1817 se

268 1837 416 1879 fictum
453 1837 789 1891 commiscuisse,
832 1838 891 1878 ita
933 1839 982 1878 ut
1017 1835 1158 1878 sabula
1195 1848 1250 1878 ex
1274 1835 1453 1891 simplici
1479 1834 1638 1877 Graeca
1668 1834 1825 1890 duplex

267 1895 423 1939 Latina
452 1897 560 1938 facta
598 1897 661 1938 sit.
724 1896 931 1944 Nimium,
971 1896 1112 1950 credo,
1157 1896 1316 1951 ingenii
1347 1896 1414 1936 vir
1450 1895 1597 1936 doctus
1633 1894 1823 1937 Terentio

269 1956 470 1998 attribuit.

387 2014 519 2057 Nulla
536 2016 668 2069 igitur
691 2015 878 2056 virorum
895 2014 1112 2056 doctorum
1135 2013 1357 2068 explicatio
1381 2012 1606 2054 verborum
1629 2011 1826 2068 „Duplex

271 2086 378 2127 quae
425 2086 479 2114 ex
524 2077 771 2126 argumento
814 2073 922 2113 facta
959 2076 1022 2113 est
1063 2072 1265 2125 simplici“
1308 2072 1475 2124 placuit.
1543 2070 1652 2119 Quid
1696 2072 1825 2123 igitur

270 2131 506 2174 faciamus?
555 2133 623 2172 An
655 2131 873 2182 eiciamus,
905 2130 1019 2185 quod
1056 2142 1140 2171 non
1172 2128 1541 2171 intellexerimus?
1589 2130 1646 2171 At
1678 2141 1825 2171 versus

269 2192 531 2233 necessarius
561 2194 635 2232 est.
677 2190 795 2231 Nihil
819 2190 951 2243 igitur
974 2192 1102 2230 restat
1132 2190 1226 2241 nisi,
1256 2193 1304 2229 ut
1333 2189 1473 2230 locum
1503 2188 1638 2229 labem
1661 2192 1823 2229 contra-

269 2250 384 2291 xisse
414 2252 623 2304 putemus.
690 2248 746 2289 Et
782 2248 989 2289 medicina
1025 2248 1068 2288 in
1105 2250 1303 2303 promptu
1341 2251 1414 2289 est.
1476 2246 1673 2289 Vidimus
1711 2248 1821 2289 enim

269 2312 411 2363 (supra
449 2322 488 2363 p.
530 2308 601 2359 57)
642 2307 773 2360 „facta
811 2320 866 2348 ex
902 2306 1082 2361 simplici
1121 2308 1391 2361 argumento“
1432 2306 1667 2361 significare
1702 2320 1825 2362 posse

268 2381 348 2423 „ex
378 2380 465 2409 una
495 2365 638 2408 fabula
670 2365 827 2407 Graeca
857 2365 999 2419 facta“,
1044 2378 1128 2421 quo
1158 2369 1323 2421 recepto
1353 2365 1461 2407 nihil
1503 2364 1730 2407 obscurum
1761 2369 1825 2408 est

268 2429 350 2469 nisi
382 2426 488 2467 illud
532 2425 725 2479 ,duplex‘.
787 2424 1026 2466 Scribamus
1062 2426 1192 2476 igitur
1233 2428 1393 2479 oportet
1423 2426 1502 2466 boc
1532 2437 1701 2478 quoque
1731 2426 1823 2467 loco

268 2484 490 2540 ,simplex‘,
532 2485 592 2525 ita
634 2486 683 2524 ut
725 2494 823 2524 cum
866 2481 1078 2537 Lessingio
1088 2483 1141 2537 ²⁷)
1190 2486 1231 2524 et
1272 2483 1505 2524 Amdohrio
1518 2482 1570 2536 ²⁸)
1616 2483 1821 2537 legamus:

389 2589 431 2633 ²⁶)
457 2589 534 2633 „De
558 2588 689 2623 Heaut.
715 2588 880 2623 Terent.“
927 2587 1048 2632 Progr.
1074 2599 1108 2622 v.
1134 2588 1318 2632 Bayreuth
1346 2587 1434 2623 1892
1459 2598 1492 2632 p.
1518 2587 1575 2623 20.

387 2635 430 2676 ²⁷)
454 2636 498 2671 ln
533 2634 803 2681 Dramaturgiae
842 2634 1034 2680 Hamburg.
1072 2644 1147 2680 cap.
1182 2635 1227 2671 87
1279 2635 1330 2681 (in
1366 2634 1449 2670 edit.
1490 2633 1724 2680 Hempeliana
1753 2634 1825 2670 VII

266 2696 300 2729 p·
327 2684 549 2776 412851d1131ssh·
575 2731 692 2776 inaug.
719 2741 752 2776 p.
782 2729 825 2763 12
851 2739 902 2775 sq.
