2067 3311
801 152 1118 208 ³-28—

194 270 269 323 gis.
332 268 411 311 His
448 281 503 310 ex
540 268 643 310 locis
680 269 781 324 quid
820 271 992 312 omnino
1030 270 1082 313 de
1117 270 1301 326 prologis
1337 274 1379 313 et
1406 270 1571 314 Terenti
1608 272 1751 314 etad-

194 328 478 369 versariorum
530 332 743 383 appareat,
791 328 902 369 infra
952 330 1187 370 accuratius
1233 329 1552 377 disseremus.⁶⁹)
1625 329 1751 371 Nunc

196 386 297 441 quid
324 398 379 428 ex
410 386 470 428 eis
501 386 553 429 de
583 386 729 429 ordine
759 386 1029 443 prologorum
1061 388 1284 441 discamus,
1315 390 1568 443 quaerimus.

314 445 351 499 Ι)
382 445 432 486 In
465 446 652 487 Andriae
681 448 854 501 prologo
900 446 983 501 (v'v.
1019 448 1150 501 1—7)
1180 447 1398 489 Terentius
1434 449 1678 502 pronuntiat
1707 461 1751 489 se

195 505 318 545 etiam
345 504 539 558 prologos
565 505 895 559 compositurum
928 517 1031 558 esse,
1061 518 1147 547 non
1178 512 1227 547 ut
1258 510 1553 560 argumentum
1585 506 1751 548 fabulae

194 568 379 614 enarret,
421 563 495 604 sed
532 567 582 604 ut
619 564 955 604 adversariorum
995 565 1225 606 maledictis
1261 565 1520 619 respondeat.
1571 563 1666 615 Quo
1697 578 1751 607 ex

194 621 286 663 loco
317 620 425 663 effici
457 625 625 676 poetam
655 634 791 676 usque
828 622 882 663 ad
923 634 1015 663 eam
1048 623 1233 665 Andriae
1269 624 1493 677 actionem,
1529 624 1582 665 ad
1622 636 1750 679 quam

195 680 394 735 prologus
424 686 600 736 spectat,
634 681 856 736 prologum
889 683 1062 723 omnino
1094 695 1177 723 non
1210 683 1425 737 scripsisse
1455 695 1583 738 supra
1613 687 1750 725 osten-

193 740 399 792 dimus.⁶⁰)
630 739 635 743 ’

312 798 370 852 ΙΙ)
395 797 446 840 In
478 799 746 841 Phormionis
776 799 948 855 prologo
979 800 1161 855 legimus
1191 800 1295 842 haec
1324 801 1407 855 (vv,
1442 800 1650 855 12—19):

405 857 557 913 „Nunc
586 859 622 901 si
654 860 751 914 quis
781 861 855 914 est,
886 860 961 914 qui
991 859 1070 901 hoc
1101 859 1212 901 dicat
1241 862 1316 902 aut
1345 860 1406 902 sic
1435 861 1605 915 cogitet:

407 917 554 970 ,Vetus
584 919 620 959 si
651 922 772 972 poeta
803 930 889 959 non
920 919 1152 960 lacessisset
1182 919 1307 974 prior,

406 975 583 1019 Nullum
613 977 805 1019 invenire
835 976 1054 1033 prologum
1086 982 1225 1032 posset
1254 990 1398 1032 novos,

408 1034 542 1085 Quem
575 1036 741 1090 diceret,
771 1038 854 1078 nisi
884 1036 1054 1078 haberet
1083 1038 1153 1078 cui
1177 1038 1286 1079 male
1317 1038 1499 1079 diceret‘:

406 1093 451 1136 Is
481 1094 562 1136 sibi
593 1107 842 1151 responsum
875 1095 954 1137 hoc
977 1095 1141 1147 habeat,
1177 1097 1221 1137 in
1253 1096 1390 1138 medio
1422 1096 1617 1137 omnibus

408 1154 598 1196 Palmam
631 1167 722 1196 esse
752 1155 941 1210 positam,
974 1156 1049 1210 qui
1075 1160 1205 1197 artem
1238 1159 1417 1197 tractant
1446 1156 1661 1197 musicam.

406 1213 483 1255 Ille
514 1213 566 1255 ad
597 1214 750 1256 famem
781 1214 895 1256 hunc
925 1227 950 1255 a
980 1214 1121 1256 studio
1152 1214 1316 1256 studuit
1346 1215 1518 1257 reicere:

406 1272 489 1314 Hic
519 1273 770 1328 respondere
801 1273 946 1326 voluit,
977 1286 1060 1315 non
1093 1273 1330 1316 lacessere.“

195 1331 311 1380 Quos
333 1344 429 1372 cum
456 1344 605 1373 versus
630 1331 840 1388 scriberet,
865 1337 1026 1385 poetam
1055 1333 1291 1387 complures
1316 1333 1522 1374 eiusmodi
1546 1333 1753 1387 prologos,

194 1389 352 1445 quibus
382 1391 425 1432 id
457 1390 595 1433 solum
627 1394 843 1446 spectaret,
873 1397 922 1432 ut
952 1395 993 1433 et
1017 1390 1069 1433 ab
1094 1392 1339 1446 iniquorum
1365 1389 1752 1433 insimulationibus

193 1462 238 1490 se
269 1450 509 1491 defenderet
540 1454 581 1492 et
618 1451 706 1505 ipse
742 1451 785 1491 in
825 1450 918 1492 illos
954 1451 1136 1505 impetus
1172 1451 1341 1500 faceret,
1387 1453 1672 1505 composuisse
1707 1451 1751 1490 in

193 1512 389 1563 promptu
414 1515 487 1551 est.
549 1508 663 1551 Huic
692 1509 822 1563 igitur
855 1509 1024 1563 prologo
1050 1522 1135 1550 non
1160 1510 1284 1551 modo
1309 1510 1496 1551 Andriae
1519 1509 1753 1564 prologum,

192 1567 266 1608 sed
306 1569 429 1609 etiam
478 1568 582 1609 alios
628 1569 820 1623 prologos
858 1569 1130 1610 antecessisse
1167 1573 1347 1624 apparet.
1409 1567 1530 1618 Quae
1566 1581 1662 1608 cum
1694 1568 1752 1608 ita

192 1628 288 1680 sint,
318 1625 538 1669 Terentius
569 1627 645 1669 hos
676 1640 824 1669 versus
855 1631 968 1668 certe
998 1640 1081 1668 non
1116 1627 1168 1669 ob
1206 1640 1296 1669 eam
1335 1640 1503 1669 causam
1544 1628 1668 1680 dixit,
1706 1632 1752 1667 ut

190 1684 395 1740 populum
435 1686 486 1727 de
522 1686 790 1740 prologorum
836 1699 1012 1727 suorum
1048 1698 1201 1740 genere
1238 1687 1444 1740 edoceret,
1487 1687 1561 1727 sed
1605 1698 1752 1727 versus

192 1748 380 1798 spectent
406 1756 574 1786 necesse
596 1749 659 1786 est
683 1745 735 1785 ad
760 1744 874 1785 illam
902 1745 1226 1798 contentionem,
1251 1757 1360 1800 quae
1380 1746 1490 1787 inter
1507 1743 1749 1785 Terentium

193 1808 234 1844 et
264 1808 423 1845 ceteros
460 1806 603 1859 poetas
641 1808 739 1845 erat.
800 1802 893 1845 Hoc
931 1804 993 1845 ita
1030 1816 1121 1845 esse
1157 1805 1234 1845 etsi
1265 1804 1573 1858 intelleximus,
1611 1807 1749 1844 tamen

193 1862 508 1916 responderitne
553 1867 675 1917 poeta
718 1863 783 1904 his
829 1862 969 1903 verbis
1016 1863 1350 1904 adversariorum
1398 1864 1564 1904 crimini
1608 1874 1753 1914 necne,

193 1920 424 1962 diiudicare
455 1920 625 1963 difficile
656 1925 729 1962 est.
775 1920 857 1962 Sed
889 1921 967 1962 hac
998 1921 1049 1962 de
1079 1934 1124 1963 re
1155 1922 1326 1972 alias.⁶¹)
1357 1920 1483 1962 Nunc
1514 1921 1620 1962 illud
1650 1921 1752 1962 satis

194 1983 259 2020 est
289 1978 471 2033 efficere,
513 1984 562 2021 ut
607 1993 662 2021 ex
692 1981 794 2037 ipsis
833 1980 972 2021 verbis
1003 1982 1058 2032 (v,
1091 1981 1164 2034 12)
1197 1980 1346 2034 „Nunc
1377 1982 1413 2021 si
1445 1981 1541 2035 quis
1572 1983 1646 2033 est,
1678 1980 1752 2034 qui

194 2038 272 2079 hoc
304 2037 414 2080 dicat
445 2043 519 2080 aut
549 2039 610 2081 sic
641 2039 814 2094 cogitet“
853 2051 1051 2095 apparere
1088 2039 1279 2081 videatur
1314 2043 1480 2095 poetam
1517 2038 1568 2080 ab
1607 2039 1751 2079 adver-

194 2098 316 2138 sariis
346 2109 432 2138 non
464 2098 702 2139 lacessitum
735 2098 836 2139 haec
867 2099 1037 2141 dixisse.

313 2154 395 2207 III)
425 2155 590 2197 Tertius
626 2156 845 2210 prologus,
889 2156 934 2196 in
979 2169 1063 2210 quo
1108 2157 1184 2197 bac
1225 2156 1276 2197 de
1313 2168 1359 2197 re
1395 2159 1515 2210 poeta
1551 2155 1752 2209 loquitur,

195 2226 321 2268 quem
356 2214 495 2255 locum
528 2213 725 2266 obtineat,
759 2214 941 2255 dubitari
972 2218 1117 2269 potest.
1180 2213 1292 2255 Dicit
1317 2214 1427 2254 enim
1459 2217 1583 2268 poeta
1614 2214 1750 2255 solum

193 2274 296 2315 haec
327 2273 521 2329 (Adelph.
551 2273 654 2329 prol.
687 2286 753 2313 vv.
786 2274 841 2313 22
875 2276 916 2314 et
948 2273 1036 2325 23):

407 2331 597 2386 „Dehinc
628 2344 681 2373 ne
712 2332 940 2387 expectetis
971 2335 1267 2386 argumentum
1299 2331 1483 2374 fabulae:

407 2392 538 2435 Senes
570 2392 645 2448 qui
675 2392 800 2448 primi
833 2392 1015 2445 venient,
1045 2392 1083 2434 ei
1113 2394 1272 2447 partem
1304 2392 1524 2447 aperient.“

195 2451 405 2502 Quidnam
437 2453 540 2494 haec
571 2452 700 2494 verba
728 2451 812 2494 sibi
844 2449 1020 2492 volunt?
1065 2451 1432 2505 Wilmannsius⁶²)
1465 2452 1647 2506 quidem,
1681 2452 1751 2493 cui

312 2569 355 2614 ⁶⁹)
381 2569 428 2604 cf.
454 2569 564 2615 partis
589 2569 626 2604 11
652 2570 758 2614 caput
784 2568 809 2602 Ι.

312 2616 355 2660 ⁶⁰)
380 2617 427 2652 cf.
454 2627 563 2661 supra
587 2628 619 2662 p.
646 2617 669 2652 9
693 2626 745 2660 sq.

311 2663 354 2708 ⁸¹)
379 2664 426 2699 cf.
452 2663 561 2709 partis
586 2664 622 2698 II
648 2665 754 2708 caput
782 2664 805 2697 l.

312 2710 354 2754 θ’)
379 2711 424 2747 de
449 2710 647 2748 didascaliis
672 2710 902 2747 Terentianis.
929 2709 1011 2745 diss.
1039 2709 1154 2754 inaug.
1179 2708 1418 2744 Bel-olinensis
1445 2708 1536 2746 1864
1560 2721 1593 2755 p.
1612 2709 1696 2744 47-
1707 2710 1749 2745 51

192 2759 365 2804 imprimis
389 2770 423 2804 p.
450 2760 505 2795 51.
