2067 3311
888 157 1180 198 „84-

254 272 340 315 lam
381 285 457 329 per
494 272 739 316 Ambivium
778 273 976 318 oblatam>
998 277 1199 317 emerunt.
1266 273 1416 330 Neque
1453 287 1553 317 vero
1591 274 1818 330 quicquam

257 333 334 374 hac
365 345 411 374 re
440 333 652 388 probatur.
698 332 918 376 Terentius
949 335 1062 376 enim
1093 333 1304 387 Hecyram
1337 335 1489 376 iterum
1521 334 1680 384 referre¹
1704 333 1761 389 (h.
1781 346 1817 376 e.

257 404 334 446 pro
359 394 501 434 vetere
525 394 664 447 agere)
688 392 778 447 ipse
800 393 952 448 noluit,
981 396 1029 435 ut
1052 394 1203 435 iterum
1229 395 1368 448 posset
1392 393 1573 436 vendere
1596 405 1673 449 pro
1697 405 1817 435 nova.

255 450 322 506 (cf.
354 463 482 507 supra
511 464 550 507 p.
576 451 633 493 38
664 451 758 495 adn.
785 452 869 506 88).

373 509 452 553 111.
490 509 685 566 Denique
722 514 961 554 contractus
1000 511 1171 567 quidam
1211 510 1263 553 ab
1293 510 1379 553 illis
1407 510 1618 567 prioribus
1647 523 1818 567 prorsus

256 569 447 611 diversus
476 568 569 612 fieri
599 570 735 625 potuit
764 573 893 625 atque
922 571 959 612 is
984 584 1149 625 magna,
1180 573 1227 612 ut
1250 570 1354 611 mihi
1378 569 1557 624 videtur,
1587 583 1683 612 cum
1708 570 1815 612 veri-

258 627 546 670 similitudine.
614 627 721 670 Gum
749 626 877 671 *enim
921 633 962 671 et
1002 633 1125 685 poeta
1163 633 1204 671 et
1241 629 1437 671 dominus
1472 630 1612 684 gregis
1650 641 1816 685 operam

256 699 377 728 suam
414 688 458 728 in
490 687 614 729 ludos
644 688 857 729 scaenicos
887 688 1061 741 locaret,
1100 701 1184 743 quo
1214 689 1258 729 in
1290 687 1429 729 studio
1459 688 1564 730 alter
1593 688 1723 730 altero
1753 689 1817 729 in-

258 746 429 800 digeret,
460 746 813 788 verisimillimum
845 759 937 789 esse
960 752 1062 801 puto
1088 759 1160 789 eos
1184 759 1380 802 persaepe
1404 750 1661 789 contractum
1689 747 1818 789 socie-

255 804 354 846 tatis
390 803 587 846 effecisse.
647 803 744 846 Non
781 805 910 860 igitur
947 804 1111 847 emebat
1147 810 1262 847 actor
1297 805 1483 847 fabulam
1515 817 1541 846 a
1569 808 1709 861 poeta,
1744 805 1816 846 sed

255 866 377 918 poeta
407 863 533 906 dabat
556 863 758 916 fabulam,
789 867 904 906 actor
927 865 1044 920 gregi
1069 877 1147 907 suo
1172 864 1375 920 agendam
1400 863 1586 909 curabat.
1632 862 1817 907 Lucrum

257 925 411 975 autem,
433 923 546 978 quod
568 935 623 965 ex
642 922 785 965 fabula
805 927 898 965 acta
914 925 1148 979 iterataque
1163 924 1415 979 capiebatur,
1434 936 1580 966 eorum
1596 935 1818 966 commune

257 982 411 1034 erat.⁶⁸)
478 980 572 1024 Hoc
613 986 753 1037 pactu,
795 986 843 1024 ut
880 983 1121 1037 exemplum
1158 982 1345 1036 afferam,
1386 983 1496 1024 inter
1532 981 1579 1032 Q„
1617 981 1816 1024 Roscium

258 1040 506 1082 comoedum
550 1043 591 1082 et
628 1039 671 1082 C.
697 1040 907 1082 Fannium
945 1040 1170 1082 Chaeream
1207 1045 1476 1095 convenerat,
1516 1046 1565 1082 ut
1607 1045 1818 1095 quaestus,

259 1111 386 1153 quem
417 1098 643 1155 Panurgus
673 1099 800 1141 huius
831 1111 992 1153 servus,
1031 1111 1158 1154 quem
1186 1098 1259 1141 ille
1290 1102 1378 1141 arte
1408 1099 1649 1141 histrionica
1679 1099 1817 1141 erudi-

258 1160 387 1210 verat,
416 1157 605 1200 facturus
635 1162 756 1211 esset,
789 1158 1025 1200 communis
1055 1159 1227 1209 esset⁶⁹)

375 1215 440 1258 Ita
476 1218 512 1258 si
550 1217 660 1258 inter
697 1216 927 1259 Caecilium
963 1220 1005 1259 et
1040 1216 1290 1259 Ambivium
1327 1217 1574 1259 convenisse
1608 1220 1818 1272 putamus,

256 1275 378 1316 facile
415 1275 669 1331 explicatur,
705 1288 781 1317 cur
817 1280 858 1318 et
895 1274 1119 1317 Ambivius
1156 1275 1319 1317 fabulas
1356 1275 1612 1317 Caecilianas
1649 1279 1817 1318 exactas

258 1334 469 1376 iterandas
505 1336 733 1389 curaverit,
769 1339 810 1377 et
847 1334 1073 1390 quomodo.
1095 1335 1232 1377 dioere
1268 1335 1451 1391 potuerit
1487 1331 1603 1393 (Hec.
1639 1335 1741 1391 prol.
1772 1333 1817 1378 11

258 1406 297 1436 v.
325 1393 379 1435 10
412 1394 510 1449 sq.):
544 1396 615 1449 „ut
644 1393 697 1436 ab
728 1394 873 1436 eodem
906 1393 1009 1436 alias
1040 1394 1242 1436 discerem
1273 1394 1439 1436 novas“.

377 1451 544 1494 Deinde
588 1453 822 1507 explicatur
861 1453 1103 1495 Terentium
1144 1456 1309 1507 poetam
1351 1454 1443 1495 iure
1485 1465 1563 1495 suo
1605 1452 1813 1507 Hecyram

258 1510 404 1552 referri
435 1511 638 1566 vetuisse;
670 1512 825 1553 etenim
855 1524 1064 1553 consensu
1094 1511 1302 1553 soc-iorum
1333 1524 1439 1567 opus
1469 1511 1624 1566 erat.⁶⁰)
1679 1511 1815 1553 Simul

258 1574 299 1611 et
336 1569 594 1624 intellegitur
625 1570 871 1613 Ambivium
903 1569 1116 1625 Hecyram
1151 1571 1384 1613 iterandam
1420 1574 1564 1627 postea
1593 1571 1815 1613 curavisse.

376 1628 471 1671 Hoc
513 1629 638 1672 modo
681 1630 806 1671 etiam
849 1630 952 1671 illud
990 1630 1190 1685 pretium,
1233 1630 1345 1685 quod
1383 1629 1616 1671 Eunuchus
1652 1631 1817 1683 meruit,

258 1691 351 1729 octo
381 1688 500 1729 milia
529 1702 753 1731 nummum
784 1689 914 1730 fuisse
944 1690 1088 1730 nescio
1119 1701 1171 1730 an
1197 1688 1394 1730 facillime
1418 1688 1661 1744 explicetur.
1706 1687 1815 1730 Nam

261 1746 375 1800 quod
405 1747 674 1801 praefationis
705 1746 903 1789 Eunuchi
935 1747 1111 1802 scriptor
1141 1747 1200 1788 ait
1228 1748 1410 1802 pretium
1435 1751 1701 1789 numeratum
1726 1759 1817 1789 esse

256 1809 415 1860 poetae,
446 1805 550 1847 nihil
582 1807 722 1848 valere
752 1818 808 1848 ex
839 1806 911 1860 eis,
943 1818 1052 1861 quae
1082 1818 1209 1861 supra
1241 1806 1293 1862 (p.
1321 1806 1375 1847 83
1408 1806 1502 1848 adn.
1530 1804 1603 1860 56)
1628 1806 1817 1861 exposui,

257 1864 359 1905 satis
389 1864 536 1906 elucet„

259 2004 283 2037 h
347 2003 360 2037 l
379 1955 423 2001 ⁸⁸)
448 1957 492 1993 In
517 1956 664 2003 singulis
689 1956 796 1993 rebus
820 1957 878 1993 hic
896 1968 1036 2003 quoque
1053 1958 1255 1993 contractus
1271 1956 1426 1993 maxime
1439 1956 1559 1993 varius
1583 1957 1676 2002 erat;
1701 1956 1816 1993 affero

285 2014 323 2038 os
361 2014 460 2039 ocos:

377 2050 412 2096 a)
439 2050 515 2096 Dig.
532 2050 642 2086 XVII
654 2050 688 2095 2,
708 2052 725 2085 1
741 2062 810 2097 pr.:
829 2051 984 2096 „Paulus
1000 2050 1089 2086 libro
1106 2051 1151 2086 32
1169 2051 1211 2086 ad
1229 2051 1400 2086 edictum:
1425 2050 1582 2086 Societas
1598 2051 1684 2086 coiri
1700 2052 1818 2096 potest

441 2098 499 2133 vel
523 2098 560 2133 in
585 2100 811 2144 perpetuum,
844 2099 880 2133 id
905 2100 961 2133 est
984 2099 1068 2134 dum
1094 2098 1231 2143 vivunt,
1257 2097 1313 2133 vel
1339 2098 1381 2133 ad
1406 2099 1547 2143 tempus
1571 2097 1630 2134 vel
1654 2109 1701 2134 ex
1725 2099 1815 2134 tem-

440 2156 526 2189 pore
551 2145 610 2180 vel
635 2145 701 2179 sub
726 2145 965 2180 condicione“.

378 2190 412 2236 b)
437 2191 515 2237 Dig.
534 2190 644 2226 XVII
660 2191 683 2225 2
700 2190 723 2225 l.
741 2192 763 2226 5
788 2202 858 2236 pr.:
884 2190 1081 2236 „Ulpianus
1096 2191 1186 2225 libro
1203 2192 1245 2225 31
1265 2191 1308 2225 ad
1326 2190 1497 2225 edictum:
1522 2190 1716 2226 Societates
1732 2202 1815 2226 con—

438 2239 631 2275 trahuntur
668 2238 745 2274 sive
781 2238 1029 2274 universorum
1068 2237 1239 2274 bonorum
1276 2237 1352 2274 sive
1389 2237 1636 2284 negotiationis
1668 2236 1816 2275 alicuius

440 2286 517 2320 sive
541 2285 726 2330 vectigalis
751 2286 827 2320 sive
853 2285 960 2320 etiam
985 2285 1039 2319 rei
1062 2285 1201 2319 unius“.

377 2332 410 2377 c)
434 2332 514 2378 Dig.
539 2331 649 2368 XVII
673 2331 695 2367 2
720 2331 743 2367 l.
769 2331 816 2368 29
843 2341 911 2377 pr.:
948 2330 1145 2377 „Ulpianus
1175 2330 1262 2366 libro
1294 2330 1341 2367 30
1364 2332 1406 2367 ad
1441 2331 1624 2367 Sabinum:
1674 2332 1711 2367 Si
1743 2342 1817 2367 non

439 2379 577 2415 fuerint
599 2380 719 2425 partes
743 2378 904 2415 societati
928 2378 1104 2422 adiectae,
1130 2388 1259 2423 aequas
1284 2388 1344 2414 eas
1368 2388 1447 2414 esse
1472 2380 1620 2415 constat.
1668 2378 1707 2414 Si
1730 2390 1816 2414 vero

439 2426 623 2471 placuerit,
660 2427 701 2461 ut
731 2426 811 2471 quis
844 2426 932 2461 duas
969 2426 1089 2470 partes
1125 2424 1184 2460 vel
1207 2426 1282 2461 tres
1317 2425 1465 2470 habeat,
1501 2425 1591 2461 alius
1614 2436 1733 2468 unam,
1770 2436 1816 2462 an
1893 2457 1897 2460 ,

439 2472 580 2527 valeat?
616 2472 734 2518 placet
763 2472 902 2517 valere,
940 2472 971 2507 si
1005 2472 1110 2526 modo
1139 2471 1269 2518 aliquid
1299 2471 1377 2527 plus
1401 2471 1551 2527 contulit
1573 2472 1733 2509 societati
1756 2471 1816 2508 vel

377 2566 420 2609 ω)
440 2519 700 2601 ffiffiffiss
720 2519 933 2611 2323?AE
955 2518 1461 2611 fflsrtfflmssuffloeffiffff
1475 2522 1665 2610 15²⁸?ssss
1691 2566 1815 2610 ‚idom

258 2612 346 2659 (scil.
372 2612 518 2658 Paulus)
552 2612 643 2648 libro
679 2612 785 2648 tertio
823 2612 1057 2658 epitomarum
1081 2610 1203 2647 Alfeni
1231 2612 1467 2657 digestorum:
1505 2611 1585 2647 Duo
1608 2612 1815 2648 societatem

257 2661 429 2705 coierunt,
456 2662 496 2695 ut
518 2660 782 2706 grammaticam
799 2660 972 2696 docerent
988 2661 1026 2695 et
1041 2659 1133 2704 quod
1157 2670 1205 2695 ex
1221 2670 1263 2696 eo
1280 2659 1431 2696 artificio
1448 2660 1616 2706 quaestus
1631 2658 1814 2705 fecissent,

258 2717 445 2742 commune
472 2717 595 2742 eorum
621 2709 750 2742 esset“.

376 2753 420 2797 ⁶⁰)
446 2754 520 2789 Gai.
546 2752 601 2789 III
629 2755 695 2790 135
721 2754 781 2800 (cf.
808 2763 916 2800 supra
942 2763 971 2799 p.
991 2753 1036 2789 79
1062 2752 1139 2788 adn.
1158 2748 1228 2800 47).
1267 2773 1305 2779 -—
1339 2753 1427 2789 Inst.
1454 2753 1508 2789 III
1533 2752 1578 2788 22
1604 2764 1658 2798 pr.
1691 2772 1737 2780 —
1769 2752 1813 2790 al.
