2067 3311
814 94 1104 135 -75-

304 213 341 255 1.
371 212 423 255 In
452 211 542 255 Ter.
578 213 667 255 vita
695 209 811 256 Suet.
841 212 1042 268 leguntur
1075 212 1177 256 haec
1207 211 1264 268 (p.
1290 211 1348 254 28
1379 210 1532 267 Reiff.):
1573 209 1734 266 „Scrip-

184 272 240 314 sit
269 270 371 326 (scil.
401 270 636 328 Terentius)
661 271 895 315 comoedias
923 284 1012 315 sex.
1043 283 1098 314 ex
1129 271 1285 327 quibus
1314 272 1491 327 primam
1528 270 1733 311 Andriam

183 344 293 372 cum
329 330 608 382 aedilibus,
633 332 826 385 daret“,
867 345 929 387 sq.
990 331 1072 375 Sed
1103 332 1155 374 de
1185 335 1271 374 tota
1302 332 1379 373 hac
1408 329 1569 385 fabula,
1606 341 1734 384 quam

184 389 236 431 de
266 388 446 431 Caecilio
471 393 512 432 et
534 389 725 432 Terentio
750 389 977 433 Suetonius
1001 390 1081 432 hoc
1104 391 1197 433 loco
1217 393 1370 444 narrat,
1400 402 1479 432 suo
1503 390 1596 430 iure
1620 400 1735 429 nunc

184 448 264 490 viri
295 448 405 491 docti
435 446 694 502 dubitant⁸⁸)

303 508 342 549 2.
378 508 438 550 At
472 508 626 563 legitur
661 511 702 550 et
738 508 850 563 apud
886 507 1134 550 Suetonium
1143 509 1196 562 ⁸⁴)
1233 512 1274 549 et
1316 508 1427 563 apud
1463 506 1734 559 Donatum³⁵)

185 565 440 608 Eunuchum
462 566 647 609 fabulam
670 567 874 609 meruisse
898 570 990 617 octo
1023 567 1136 609 milia
1159 579 1395 621 nummum,
1424 578 1533 622 quae
1554 569 1734 621 poetam,

183 638 269 667 non
300 625 516 668 dominum
545 626 685 681 gregis
723 626 929 681 accepisse
959 629 1287 668 consentaneum
1317 629 1390 667 est.
1449 624 1603 667 Tamen
1634 637 1733 666 cum

183 683 381 727 Eunuchi
412 685 570 741 duplex
600 685 708 726 actio
733 684 947 739 singulare
972 685 1182 739 quoddam
1207 685 1337 726 fuisse
1368 685 1626 738 videatur,⁸⁸)
1657 684 1733 725 bos

182 742 297 786 locos
321 756 375 786 ne
398 744 524 786 nimis
548 756 799 799 premamus,
829 743 1065 786 cavendum
1090 747 1164 786 est.
1212 743 1433 785 Praeterea
1456 743 1562 784 nihil
1586 742 1733 796 obstat,

183 804 409 857 quominus
451 803 605 844 aediles
648 804 726 844 etsi
761 802 948 844 fabulam
986 816 1010 844 a
1041 803 1209 844 domino
1244 803 1403 857 gregis,
1445 815 1530 844 non
1560 801 1613 844 ab
1643 802 1733 856 ipso

183 864 303 916 poeta
333 864 531 915 emerant,
561 864 702 903 tamen
725 864 872 917 poetae
890 860 998 903 illud
1017 862 1199 917 pretium
1223 874 1301 903 sua
1325 864 1473 916 sponte
1492 859 1734 916 praebuisse

181 932 437 962 censeamus.

301 979 339 1020 3.
370 978 530 1021 Eodem
560 982 717 1034 spectat
754 979 997 1032 didascalia,
1035 991 1144 1035 quae
1173 980 1225 1021 de
1254 978 1299 1020 L.
1332 978 1451 1020 Varii
1479 978 1658 1032 Thyeste
1688 979 1733 1019 in

182 1037 271 1080 cod.
316 1037 447 1080 Paris.
490 1037 602 1079 7530
640 1050 672 1079 s.
709 1035 820 1080 VIII
857 1041 1048 1081 servatur
1083 1037 1214 1093 (Suet.
1245 1038 1332 1080 rell.
1363 1037 1426 1080 ed.
1457 1037 1576 1080 Reiff.
1606 1050 1645 1093 p.
1676 1037 1734 1078 48

181 1097 234 1138 ad
264 1097 340 1139 col.
365 1098 462 1149 41):
495 1095 676 1150 „Lucius
702 1096 857 1138 Varius
880 1101 1156 1152 cognomento
1183 1096 1319 1139 Rufus
1338 1096 1548 1150 Thyesten
1572 1100 1734 1151 tragoe-

183 1155 294 1196 diam
324 1168 477 1210 magna
506 1168 607 1197 cura
643 1155 880 1197 absolutam
916 1160 1010 1211 post
1045 1157 1260 1197 Actiacam
1302 1156 1518 1197 victoriam
1550 1155 1733 1207 Augusti

182 1213 302 1268 (corr.
331 1213 403 1255 Th.
437 1213 688 1266 Mommsen3
721 1227 816 1269 ,aug
846 1246 855 1256 .
887 1247 897 1256 .
928 1216 949 1256 .‘
980 1215 1088 1267 cod.;
1121 1218 1323 1269 ,augusto‘
1354 1226 1463 1256 man.
1495 1214 1589 1267 rec.)
1620 1213 1733 1255 ludis

182 1273 275 1315 eius
298 1273 344 1315 in
365 1285 559 1315 scaenam
580 1273 706 1327 dedit,
728 1285 804 1329 pro
830 1286 914 1329 qua
937 1273 1079 1316 fabula
1094 1274 1331 1316 sestertium
1349 1273 1516 1315 deciens
1540 1273 1732 1328 accepit“.

299 1338 337 1373 4.
368 1331 530 1375 Deinde
559 1334 776 1388 provocari
813 1336 950 1388 potest
989 1334 1042 1375 ad
1080 1332 1230 1375 Horati
1266 1338 1340 1375 sat.
1377 1332 1400 1374 Ι
1432 1333 1499 1388 10,
1537 1332 1594 1374 36
1625 1344 1733 1387 sqq.:

241 1390 473 1447 „Turgidus
502 1392 685 1447 Alpinus
714 1392 880 1447 iugulat
909 1392 1011 1434 dum
1043 1391 1268 1434 Memnona
1297 1392 1485 1447 dumque

239 1450 425 1505 Defingit
454 1449 591 1493 Rheni
620 1451 785 1493 luteum
814 1455 951 1507 caput,
996 1451 1097 1494 haec
1126 1464 1203 1507 ego
1234 1451 1346 1504 ludo,

241 1507 376 1559 Quae
400 1522 562 1566 neque
585 1510 635 1550 in
663 1510 782 1552 aede
806 1513 987 1552 sonent
1010 1512 1261 1553 certantia
1284 1511 1452 1552 iudice
1474 1509 1648 1564 Tarpa,

239 1568 340 1611 Nec
370 1569 575 1611 redeant
604 1572 786 1611 iterum
810 1572 959 1625 atque
983 1570 1162 1612 iterum
1190 1569 1460 1625 spectanda
1483 1568 1734 1611 theatris.“

181 1626 283 1669 Huc
297 1628 478 1683 pertinet
492 1628 570 1669 hoc
585 1628 712 1670 schol.
730 1626 891 1683 Gruqu.
909 1628 1102 1684 (Cruquii
1118 1629 1180 1671 ed.
1197 1628 1298 1670 Hor.
1315 1642 1379 1683 op.
1397 1630 1600 1683 Antverp.
1620 1629 1733 1669 1579

181 1700 219 1742 p.
245 1687 366 1739 399):
400 1686 578 1742 „Metius
601 1686 734 1742 Tarpa
758 1687 838 1729 suit
860 1687 991 1729 iudex
1014 1688 1199 1739 criticuS,
1228 1687 1393 1729 auditor
1416 1687 1612 1730 assiduus
1636 1699 1732 1742 poe-

180 1748 340 1788 matum
363 1749 404 1788 et
422 1749 641 1802 poetarum
660 1746 705 1787 in
721 1746 823 1789 aede
838 1746 1048 1802 Apollinis
1063 1759 1141 1789 seu
1159 1745 1387 1802 Musarum,
1408 1758 1493 1802 quo
1509 1748 1733 1788 convenire

180 1809 326 1861 poetae
362 1805 552 1848 solebant
586 1818 750 1861 suaque
787 1806 940 1862 scripta
977 1806 1167 1860 recitare,
1205 1818 1332 1862 quae
1371 1807 1475 1848 uisi
1517 1819 1542 1847 a
1576 1805 1733 1862 Tarpa

180 1869 266 1907 aut
295 1865 396 1907 alio
435 1866 631 1920 critico,
668 1866 742 1920 qui
773 1878 949 1908 numero
980 1869 1098 1908 erant
1129 1866 1334 1921 quinque,
1375 1865 1733 1922 probarentur,

180 1925 229 1964 in
261 1936 493 1965 scaenam
536 1937 634 1965 non
678 1924 1078 1966 deferebantur.“
1140 1925 1265 1966 Unde
1295 1924 1550 1966 Oehmichen
1581 1925 1607 1966 1.
1638 1938 1670 1967 s.
1702 1938 1733 1966 s.

181 1981 308 2025 efficit
338 1981 550 2025 Ciceronis
582 1985 715 2025 aetate
744 1982 909 2026 fabulas
939 1996 1071 2026 novas
1102 1983 1153 2026 ab
1185 1984 1275 2039 ipso
1305 1983 1503 2025 ludorum
1532 1986 1734 2038 curatore,

182 2054 268 2082 non
297 2042 383 2083 iam
413 2055 437 2083 a
474 2042 644 2084 domino
686 2044 827 2097 gregis
864 2043 1144 2096 examinatas,
1187 2043 1359 2097 electas,
1400 2044 1532 2098 pretio
1575 2047 1734 2098 emptas

300 2182 343 2225 ³⁸)
366 2184 413 2218 cf.
438 2183 589 2218 Hauler:
615 2184 757 2218 Phorm.
783 2183 863 2218 ed.⁸
879 2194 913 2228 p.
941 2186 985 2218 15
1011 2184 1128 2228 (impr.
1154 2185 1232 2219 adn.
1258 2184 1280 2219 3
1306 2185 1343 2219 et
1366 2185 1426 2228 4.).

300 2228 342 2273 ⁸¹)
366 2228 555 2264 Suetonius
586 2230 633 2274 (p.
660 2229 705 2263 29
729 2229 856 2274 Reifi.)
889 2231 1012 2264 narrat
1042 2230 1146 2265 haec:
1179 2231 1395 2273 „Eunuchus
1425 2231 1568 2274 quidem
1598 2231 1652 2265 bis
1676 2231 1734 2265 die

180 2278 300 2323 (quam
324 2275 514 2313 lectionem
538 2275 702 2313 traditam
727 2287 808 2313 cum
833 2275 995 2314 Vahleno
1020 2275 1140 2323 [libell.
1166 2276 1322 2314 univers.
1348 2275 1464 2314 Berol.
1493 2276 1626 2323 1883s4
1650 2287 1683 2324 p.
1697 2277 1733 2324 4]

180 2325 304 2358 contra
325 2323 559 2359 Rioechelium
595 2324 804 2359 servandam
842 2335 921 2360 esse
946 2325 1110 2369 arbitror)
1146 2327 1225 2361 acta
1260 2327 1316 2361 est
1344 2326 1544 2371 meruitque
1581 2326 1735 2370 pretium

180 2371 350 2417 quantum
374 2368 472 2406 nulla
495 2370 601 2405 antea
624 2369 832 2416 cuiusquam
857 2371 1047 2415 comoedia,
1072 2372 1151 2407 octo
1175 2371 1273 2407 milia
1296 2375 1514 2407 nummum‘·.

299 2417 343 2463 ⁸⁸)
366 2418 526 2454 Donatus
549 2418 587 2453 in
611 2418 767 2455 auctario
804 2419 852 2465 (p.
878 2419 924 2462 35
949 2418 973 2455 l.
1000 2418 1045 2456 10
1069 2419 1195 2465 Reifi.)
1226 2420 1263 2456 et
1292 2419 1329 2455 in
1354 2419 1444 2456 Eun.
1470 2419 1582 2466 praef.
1608 2420 1656 2465 (p.
1690 2419 1735 2456 10

178 2465 201 2501 1.
229 2467 271 2500 11
298 2476 374 2510 sqq.
399 2464 470 2511 R),
507 2465 565 2500 ubi
594 2464 724 2511 legitur
747 2466 831 2502 hoc:
869 2468 932 2511 „et
954 2468 1033 2502 acta
1056 2469 1113 2502 est
1134 2469 1233 2502 tanto
1257 2478 1446 2512 successu,
1480 2467 1606 2512 plausu
1628 2469 1734 2512 atque

178 2512 367 2560 suffragio,
404 2514 446 2549 ut
475 2522 599 2549 rursus
631 2514 728 2550 esset
758 2513 906 2550 vendita
928 2515 966 2550 et
989 2515 1155 2561 ageretur
1177 2514 1308 2550 iterum
1332 2524 1395 2561 pro
1419 2524 1512 2550 nova
1534 2524 1668 2560 proque
1693 2525 1737 2550 ea

178 2561 343 2606 pretium,
368 2561 461 2606 quod
484 2559 573 2596 nulli
596 2562 679 2596 ante
702 2561 816 2607 ipsam
841 2561 980 2598 fabulae
1005 2562 1161 2608 contigIt,
1194 2564 1295 2598 octo
1330 2561 1530 2598 millibus
1567 2563 1734 2598 sester-

178 2608 285 2643 tium
309 2608 590 2643 numerarent
613 2609 807 2652 poetae.“
833 2609 879 2644 cf.
904 2609 1000 2644 infra
1022 2620 1056 2653 p.
1082 2609 1128 2645 83
1154 2610 1233 2645 adn.
1258 2610 1305 2646 56
1329 2611 1366 2645 et
1389 2620 1422 2655 p.
1447 2610 1505 2645 84.

298 2654 342 2701 ⁸⁶)
366 2655 414 2692 cf.
430 2654 603 2692 Ritscheli
619 2654 762 2702 Parerg.
780 2666 813 2702 p.
828 2656 897 2692 332
915 2667 951 2692 n.
964 2656 998 2692 2.
1030 2676 1067 2682 -
1095 2656 1278 2692 Dziatzkoz
1305 2656 1395 2692 Mus.
1414 2656 1528 2692 Rhen.
1547 2667 1627 2692 nov.
1643 2657 1734 2692 XXI

178 2714 211 2749 p.
228 2705 309 2740 473.
336 2724 379 2729 —
405 2703 555 2740 Hauler:
581 2703 602 2738 l.
622 2714 650 2739 s.
668 2714 695 2738 s·
713 2706 825 2749 praef.
845 2716 877 2750 p.
895 2705 943 2742 20
959 2716 994 2740 n.
1013 2706 1034 2741 3
1060 2707 1096 2741 et
1120 2705 1269 2751 append.
1296 2705 1373 2741 crit.
1391 2716 1424 2751 p.
1446 2704 1513 2741 193
1538 2705 1596 2751 (ad
1614 2716 1647 2740 v.
1663 2705 1732 2751 16).
