2067 3311
903 160 1166 204 -7...

262 279 377 322 omni
400 282 646 337 argumento
671 283 803 334 caret;
827 280 1010 337 primum
1035 280 1146 323 enim
1171 279 1275 323 illud
1293 282 1356 323 est
1370 277 1813 323 animadvertendum:

261 338 462 381 habemus
498 340 604 382 duos
639 340 831 393 Hecyrae
868 340 1079 394 prologos,
1122 341 1195 394 qui
1231 341 1275 380 in
1313 340 1456 381 codice
1492 338 1700 381 Bembino
1736 339 1816 380 etsi
1879 391 1881 393 Ι

263 397 381 440 nullo
405 398 539 454 spatio
562 399 801 441 intermisso
826 398 985 440 exarati
1010 401 1119 452 sunt,
1150 402 1288 440 tamen
1314 399 1487 439 minime
1510 398 1622 439 inter
1644 408 1690 438 se
1714 408 1814 438 con-

261 457 344 499 fusi
369 460 410 499 et
430 459 646 500 commixti
666 461 775 499 sunt.
814 455 978 506 Quibus
998 470 1054 499 ex
1073 457 1255 512 prologis
1275 470 1448 499 curnam
1469 456 1532 498 illi
1551 456 1814 512 grammatici

261 527 395 557 unum
424 528 509 558 non
540 516 726 571 fecerint,
756 528 847 566 non,
872 515 1141 570 intellegitur.
1188 514 1350 557 Deinde
1380 528 1506 571 quem
1536 515 1705 565 tandem
1733 515 1813 556 hoc

259 573 407 617 fecisse
443 574 667 630 putamus?
727 573 878 630 Neque
913 574 1024 616 enim
1060 586 1135 630 per
1170 586 1353 616 errorem
1389 573 1547 616 librarii
1591 573 1811 616 cuiusdam

258 632 350 675 fieri
386 634 572 689 potuisse
601 634 668 675 vel
705 633 803 675 inde
840 636 1028 688 apparet,
1063 633 1178 688 quod
1213 645 1269 675 ex
1298 634 1503 675 sententia
1533 632 1810 675 Karsteniana

258 691 414 748 singuli
451 692 630 735 duorum
671 692 939 747 prologorum
975 703 1123 734 versus
1155 692 1266 734 inter
1295 704 1340 734 se
1370 691 1533 735 confusi
1563 696 1690 747 atque
1718 704 1811 747 per-

257 750 413 792 turbati
450 755 560 793 sunt.
620 750 765 791 Restat
799 751 947 805 igitur,
982 753 1031 791 ut
1060 750 1280 804 aliquem8)
1311 751 1386 792 hos
1420 763 1564 792 versus
1593 750 1726 792 solam
1756 750 1810 791 ob

257 821 347 851 eam
386 822 556 852 causam
586 809 695 851 inter
725 821 771 851 se
801 808 1114 850 commiscuisse
1145 812 1362 863 putemus,
1398 821 1451 851 ne
1482 809 1587 851 duos
1616 808 1810 864 prologos

257 868 358 910 olim
386 868 515 910 fuisse
546 868 772 923 quisquam
801 872 1081 923 cognosceret.
1127 866 1251 918 Quod
1281 868 1317 910 si
1348 868 1586 924 accipimus,
1615 870 1695 910 hoc
1724 881 1810 909 non

257 927 531 982 intellegitur,
572 939 747 969 curnam
790 938 875 968 non
919 926 1014 968 illos
1055 927 1179 968 etiam
1213 939 1377 980 versus,
1418 939 1474 968 ex
1510 926 1665 982 quibus
1703 926 1811 968 duos

256 987 490 1041 antiquitus
519 985 714 1041 prologos
738 986 868 1029 fuisse
892 985 1161 1028 manifestum
1185 999 1276 1028 esse
1301 985 1533 1029 Karstenus
1557 988 1709 1038 censet,
1738 984 1811 1028 ille

255 1045 553 1100 grammaticus
583 1044 652 1086 vel
682 1044 816 1087 editor
844 1047 930 1086 tam
961 1045 1144 1086 mendax
1174 1048 1300 1100 atque
1329 1048 1504 1100 argutus
1534 1045 1731 1086 omiserit.

375 1102 488 1154 Quin
518 1116 574 1146 ne
602 1104 646 1146 id
678 1103 848 1159 quidem
872 1104 1100 1146 verisimile
1130 1108 1193 1146 est
1221 1104 1411 1159 singulos
1441 1103 1620 1146 alicuius
1649 1103 1811 1159 prologi

255 1174 402 1204 versus
438 1163 549 1204 inter
585 1175 631 1204 se
666 1163 862 1204 confusos
898 1174 1007 1215 esse,
1041 1163 1085 1204 id
1123 1163 1236 1217 quod
1265 1163 1310 1204 in
1342 1162 1810 1205 Heautontimorumeni

254 1219 426 1277 prologo
450 1220 605 1264 factum
631 1232 722 1264 esse
747 1219 982 1276 Dziatzko⁹)
1006 1220 1185 1275 iudicat3
1212 1233 1296 1277 quo
1321 1222 1364 1263 in
1390 1221 1563 1277 prologo
1582 1233 1666 1263 non
1684 1221 1808 1262 modo

255 1286 338 1321 tres
376 1293 524 1322 versus
554 1285 763 1335 expunxit
793 1280 1038 1335 traiecitque
1067 1282 1111 1322 in
1143 1282 1323 1335 priorem
1354 1281 1546 1335 Hecyrae
1574 1280 1808 1336 prologum,

257 1338 329 1380 sed
360 1339 483 1381 etiam
516 1341 748 1381 ceterorum
779 1351 979 1381 versuum
1011 1339 1199 1381 ordinem
1232 1339 1354 1381 valde
1383 1340 1690 1381 transmutavit.

371 1397 463 1440 Hae
499 1399 764 1441 coniecturae
800 1411 946 1441 omnes
983 1402 1030 1440 ut
1066 1399 1182 1440 omni
1212 1398 1577 1441 verisimilitudine
1608 1399 1808 1454 omnique

253 1459 497 1511 argumento
528 1460 681 1510 carent,
718 1458 777 1498 ita
806 1457 996 1498 funditus
1026 1457 1262 1498 refutantur
1291 1459 1362 1511 eis,
1412 1470 1520 1512 quae
1550 1469 1647 1499 cum
1679 1457 1806 1499 Fabia

252 1515 294 1567 (l.
317 1528 347 1557 s.
371 1528 402 1557 s.
424 1528 462 1570 p.
485 1516 571 1557 295
596 1515 701 1570 sqq.)
731 1519 820 1557 tum
852 1516 1036 1557 maxime
1060 1514 1200 1570 Leo¹⁰)
1226 1516 1277 1557 de
1302 1520 1389 1557 arte
1414 1517 1619 1558 rhetorica
1642 1517 1684 1557 in
1710 1528 1805 1571 pro·

252 1573 358 1629 logis
387 1573 645 1617 Terentianis
675 1573 859 1617 adhibita
889 1578 1186 1630 exposuerunt.
1245 1574 1354 1617 Sunt
1384 1579 1493 1617 certe
1524 1574 1605 1617 loci
1634 1575 1679 1616 in
1710 1587 1805 1630 pro-

251 1632 370 1687 logiS,
401 1634 486 1688 qui,
517 1634 620 1675 tales
644 1634 679 1675 si
705 1634 964 1675 coniecturas
988 1634 1282 1688 acceperimus,
1311 1634 1423 1675 haud
1448 1635 1534 1675 scio
1559 1647 1613 1675 an
1638 1633 1803 1675 facilius

250 1692 435 1748 intellegi
483 1693 662 1748 possint;
707 1704 843 1749 neque
878 1704 978 1734 vero
1020 1691 1292 1748 intellegitur,
1336 1705 1520 1749 quonam
1556 1696 1804 1748 argumento

251 1752 400 1793 idoneo
441 1764 551 1805 eam,
588 1765 671 1807 qua
708 1754 774 1793 usi
810 1756 921 1805 sunt,
957 1752 1159 1793 rationem
1192 1752 1270 1793 viri
1302 1752 1411 1794 docti
1441 1751 1617 1794 fulciant
1647 1756 1720 1794 aut
1751 1753 1804 1793 ad

251 1810 657 1853 verisimilitudinem
689 1811 928 1866 perducant.
973 1809 1062 1852 Tali
1093 1810 1216 1852 modo
1247 1811 1435 1853 locorum
1465 1810 1690 1853 difficultas
1717 1824 1801 1853 non

251 1870 494 1925 explicatur,
531 1870 605 1912 sed
634 1883 709 1925 per
739 1871 824 1912 vim
855 1870 1026 1912 tollitur.
1086 1869 1176 1912 Hos
1206 1874 1347 1913 autem
1377 1870 1501 1924 locos,
1532 1870 1687 1926 quibus
1718 1884 1802 1926 quo

249 1928 412 1970 facilius
435 1930 758 1984 perciperentur,
781 1929 861 1971 viri
880 1929 990 1971 docti
1008 1930 1205 1970 commoti
1226 1929 1279 1970 ad
1296 1929 1390 1971 illas
1409 1930 1636 1971 sententias
1655 1942 1802 1984 parum

249 1987 483 2042 probabiles
514 1992 789 2043 accesserunt,
819 1988 938 2031 aliter
968 1988 1169 2045 explicari
1198 2000 1319 2044 posse
1349 1989 1432 2030 iam
1459 1987 1541 2031 Leo
1567 1988 1606 2042 (1.
1625 2001 1656 2030 s.
1677 1989 1723 2042 s.)
1749 2001 1804 2031 ex

249 2050 364 2102 parte
396 2047 706 2091 demonstravit.

367 2118 416 2160 Id
459 2119 587 2174 igitur
623 2119 849 2171 tenendum
887 2122 949 2162 est
984 2120 1179 2175 prologos
1212 2119 1498 2173 Terentianos,
1537 2123 1586 2162 ut
1620 2120 1806 2174 omnino,

249 2179 306 2219 ita
342 2179 498 2234 optime
534 2179 761 2220 memoriae
795 2179 969 2221 traditos
1000 2191 1102 2221 esse.
1162 2178 1242 2222 His
1271 2179 1511 2234 praemissis
1541 2182 1804 2222 transeamus

248 2236 300 2278 ad
337 2249 428 2279 eam
465 2250 574 2291 rem,
617 2250 743 2293 quam
782 2238 861 2280 hoc
896 2239 1030 2294 capite
1067 2241 1243 2281 tractare
1278 2237 1400 2280 nobis
1435 2238 1693 2293 propositum
1730 2242 1802 2282 est.

249 2294 342 2345 Quo
384 2297 429 2337 in
471 2297 606 2352 capite
649 2310 900 2352 quaeremus
942 2310 996 2340 ex
1037 2297 1221 2353 prologis
1258 2296 1517 2340 Terentianis
1557 2297 1659 2353 quid
1699 2297 1803 2339 disci

247 2355 377 2409 possit
401 2355 452 2397 de
476 2356 622 2397 ordine
646 2356 884 2399 fabularum
909 2357 1213 2413 chronologico,
1259 2356 1382 2399 Hanc
1407 2358 1693 2412 quaestionem
1718 2358 1801 2398 iam

365 2507 392 2550 ⁸)
417 2506 555 2552 Cogitat
584 2507 640 2542 vir
669 2508 793 2544 doctus
818 2508 855 2554 (l.
881 2520 909 2544 s.
935 2520 963 2545 s.
989 2520 1022 2554 p.
1048 2509 1132 2551 200)
1156 2509 1202 2544 de
1226 2508 1349 2554 primis
1373 2508 1573 2545 fabularum
1598 2509 1801 2546 editoribus.

364 2565 392 2609 ⁹)
416 2565 459 2601 In
482 2565 565 2601 diss.
590 2565 706 2611 inaug.
733 2568 801 2612 „de
825 2566 977 2614 prologis
989 2567 1162 2603 Plautinis
1186 2569 1224 2603 et
1248 2567 1469 2603 Terentianis
1492 2567 1719 2615 quaestiones
1743 2579 1800 2604 se-

245 2614 416 2697 leuctgo}iI
440 2612 587 2706 gennae
626 2614 717 2651 1863
755 2626 788 2660 p.
815 2616 836 2652 5
874 2626 950 2661 sqq.
983 2616 1020 2652 et
1052 2615 1090 2651 in
1121 2613 1204 2652 edit.
1235 2614 1510 2652 Tauchnitziaua
1540 2615 1662 2662 (1884)
1687 2616 1799 2663 praef.

245 2673 268 2706 p
364 2719 407 2766 ¹⁶)
438 2718 608 2756 Analecta
637 2718 816 2761 Plautina:
853 2720 898 2757 de
934 2721 1061 2768 figuris
1095 2723 1269 2758 sermonis
1300 2722 1347 2758 ΙΙ.
1403 2721 1524 2765 (libell.
1559 2721 1798 2758 universitatis

246 2768 494 2814 Gottingensis.
546 2767 637 2803 1898
660 2778 694 2812 p.
723 2767 885 2814 15-28).
