2067 3311
838 95 1127 136 -45-

207 225 298 256 esse
321 214 504 256 vidimus
535 214 588 269 (p.
622 214 712 267 12),
749 212 862 267 quod
898 211 1401 255 Heautontimorumenos
1436 213 1635 255 continuo
1665 214 1759 267 post

206 270 418 326 Hecyram
449 272 501 326 (Ι)
526 275 617 314 acta
642 275 715 313 est.
763 270 892 313 Nulla
915 272 1045 326 igitur
1067 271 1148 313 alia
1171 270 1315 313 fabula
1333 274 1432 313 ante
1455 283 1548 313 eam
1572 271 1759 313 Andriae

207 332 424 384 actionem,
466 331 519 372 ad
562 343 690 385 quam
731 330 929 385 prologus
971 333 1145 385 spectat,
1188 334 1279 372 acta
1321 342 1412 372 esse
1446 333 1591 385 potest.
1664 328 1758 371 Hoc

207 393 346 432 autem
377 401 548 444 prorsus
578 389 764 431 alienum
793 401 885 431 csse
907 388 1075 431 videtur
1098 388 1150 431 ab
1176 389 1240 431 his
1269 389 1430 445 prologi
1461 387 1604 431 verbis
1620 388 1676 442 (v.
1691 388 1755 442 3):

206 461 353 503 „quas
389 448 596 490 fecisset
631 447 867 490 fabulas“.
929 449 987 490 At
1022 449 1226 490 sententia
1256 448 1536 490 examinanda
1565 453 1641 501 est,
1670 460 1756 489 non

205 506 372 563 singula
410 506 547 550 verba.
609 505 722 549 Dicit
757 510 897 550 autem
930 510 1061 563 poeta,
1099 510 1147 550 ut
1176 519 1302 564 supra
1326 508 1380 563 (p.
1399 508 1425 549 9
1457 506 1536 563 sq.)
1561 507 1757 560 vidimus,

204 567 291 608 fere
320 566 441 608 haec:
476 565 606 619 „Cum
627 567 809 621 primum
834 566 887 608 ad
910 566 1074 620 fabulas
1097 567 1338 609 scribendas
1357 568 1526 621 accessi,
1549 567 1593 608 id
1617 566 1755 609 solum

206 624 414 681 agendum
445 625 549 667 mihi
579 637 670 668 esse
700 624 877 680 credidi,
919 629 967 667 ut
1008 637 1081 668 eae
1110 625 1294 677 fabulae,
1338 637 1444 680 quas
1467 626 1511 666 in
1542 628 1755 680 posterum

204 684 391 726 facturus
433 684 625 739 fuissem,
669 684 824 740 populo
868 684 1114 740 placerent.“
1176 684 1358 727 Pluralis
1393 684 1524 738 igitur
1553 696 1756 726 numerus

205 743 258 785 ad
288 755 358 785 eas
381 742 543 786 fabulas
572 742 815 785 referendus
850 747 931 797 est,
968 756 1074 798 quas
1108 742 1244 785 facere
1281 742 1499 784 Terentius
1535 746 1625 783 tum
1657 755 1755 783 con-

205 802 348 844 silium
377 806 554 858 ceperat,
583 815 669 844 nou
699 802 752 844 ad
781 801 945 844 fabulas
969 803 1052 845 iam
1083 801 1213 844 factas
1243 806 1284 844 et
1313 802 1494 856 actas.¹⁸)

325 862 363 904 3.
422 861 572 917 Neque
600 861 697 918 plus
727 873 780 904 ex
810 860 977 903 Terenti
1007 860 1147 903 verbis
1177 861 1275 917 „qui
1298 860 1484 902 malivoli
1553 914 1555 916 Ι

416 920 581 963 Veteris
611 924 757 976 poetae
786 920 1017 962 maledictis
1045 920 1383 976 respondeat.“

205 979 399 1022 concludi
442 983 589 1036 potest.
660 978 711 1022 Id
753 992 888 1022 unum
931 977 1111 1022 Karsten
1122 980 1170 1034 ¹⁹)
1212 983 1324 1022 recte
1366 979 1467 1021 dicit
1503 978 1756 1034 Terentium,

204 1052 303 1081 cum
333 1039 564 1081 maledictis
593 1039 844 1095 respondere
885 1051 931 1081 se
967 1039 1094 1092 dicat,
1137 1038 1265 1081 Lusci
1306 1038 1642 1081 maledicentiam
1674 1052 1756 1081 usu

205 1100 424 1153 expertum
456 1110 547 1141 esse
576 1109 746 1141 necesse
776 1110 877 1140 esse.
939 1096 989 1139 Id
1031 1101 1184 1151 autem,
1227 1097 1340 1153 quod
1382 1097 1508 1151 addit,
1550 1098 1639 1153 ipse
1680 1110 1755 1153 pro

205 1156 332 1198 dubio
363 1156 488 1199 habet
517 1157 683 1199 dicens:
717 1170 869 1212 „quam
898 1156 1091 1199 exhibuit
1113 1157 1185 1199 ille
1209 1156 1478 1212 probabiliter
1507 1158 1551 1198 in
1576 1156 1756 1199 alicuius

205 1214 371 1258 fabulae
406 1216 577 1272 prologo
614 1220 708 1272 post
742 1217 921 1273 primam
952 1216 1139 1257 Andriae
1180 1216 1421 1257 actionem“.
1484 1215 1566 1257 Sed
1597 1216 1674 1257 hac
1704 1216 1756 1257 de

204 1287 250 1316 re
280 1273 421 1317 dicam
450 1275 532 1318 alio
562 1276 721 1328 loco.²⁰)
781 1275 909 1318 Nunc
938 1275 1197 1329 accedamus,
1227 1275 1263 1317 si
1293 1275 1440 1330 placet,
1482 1274 1535 1317 ad
1572 1275 1754 1330 quaesti-

204 1345 326 1376 onem
357 1334 454 1376 huic
483 1333 718 1388 finitimam,
749 1334 801 1376 de
831 1347 916 1390 qua
946 1338 1009 1375 est
1039 1334 1275 1376 accuratius
1305 1333 1616 1389 disputandum.

321 1394 360 1435 4.
421 1392 528 1435 Cum
558 1394 673 1436 enim
703 1392 881 1436 Luscius
904 1392 978 1435 ille
1003 1392 1250 1436 Lanuvinus
1281 1394 1458 1449 eiusque
1487 1392 1611 1435 factio
1635 1392 1756 1435 fabu-

202 1452 299 1506 lam,
344 1455 570 1507 antequam
601 1452 963 1507 reprehenderent,
993 1453 1204 1509 cognitam
1228 1451 1451 1493 habuerint
1481 1465 1650 1494 necesse
1689 1454 1755 1504 sit,

203 1523 386 1565 quonam
417 1511 541 1553 modo
572 1511 799 1553 adversarii
839 1510 1044 1552 Andriam
1074 1511 1356 1567 cognoverint,
1386 1511 1469 1552 nisi
1500 1510 1602 1552 haec
1631 1514 1754 1553 antea

202 1573 295 1612 acta
336 1570 402 1624 sit,
445 1571 671 1626 quaeritur.
731 1570 909 1613 Addunt
951 1570 1076 1612 etiam
1118 1582 1201 1611 non
1246 1569 1448 1624 intellegi,
1478 1571 1578 1624 quid
1610 1570 1753 1625 populi

202 1629 435 1671 interfuerit
466 1633 628 1684 poetam
654 1631 825 1671 omnino
854 1630 1116 1684 incognitum
1146 1629 1404 1684 reprehendi,
1434 1630 1556 1671 cuius
1586 1642 1641 1671 ne
1667 1642 1753 1671 una

203 1687 374 1742 quidem
398 1687 539 1729 fabula
564 1691 686 1730 antea
715 1689 759 1729 in
781 1700 973 1729 scaenam
998 1688 1206 1742 prodierit.
1256 1687 1441 1740 Accedit,
1466 1688 1579 1742 quod
1605 1701 1751 1742 parum

202 1750 265 1788 est
293 1746 506 1802 probabile
536 1745 734 1789 Luscium
763 1747 1009 1802 priusquam
1040 1747 1176 1802 prima
1198 1745 1365 1788 Terenti
1395 1745 1537 1788 fabula
1567 1750 1659 1788 acta
1678 1751 1752 1800 est,

204 1805 303 1846 huic
332 1805 600 1847 maledixisse
629 1806 805 1860 eiusque
834 1805 1018 1847 fabulam
1043 1805 1197 1860 populo
1223 1805 1410 1847 nondum
1443 1810 1585 1847 notam
1616 1807 1754 1860 palam

200 1861 580 1919 reprehendisse.²¹)
635 1863 729 1905 Hoc
758 1865 796 1905 si
824 1863 1002 1917 fecisset,
1031 1862 1232 1905 Luscium
1256 1864 1396 1918 ipsum
1426 1867 1573 1919 putare
1601 1863 1752 1906 Teren-

200 1922 307 1964 tium
338 1922 418 1964 sibi
448 1925 667 1965 strenuum
705 1922 918 1965 aemulum
961 1921 1152 1964 futurum
1193 1934 1284 1964 esse
1326 1934 1467 1965 nonne
1508 1935 1654 1965 omnes
1689 1924 1753 1964 in-

200 1981 458 2023 tellexissent
471 1981 492 2022 Ρ
534 1981 624 2023 Tali
660 1987 801 2024 autem
843 1982 967 2023 modo
1009 1981 1188 2024 Luscius
1230 1986 1340 2024 certe
1370 1982 1413 2023 id
1443 1983 1595 2037 ipsum,
1641 1982 1753 2037 quod

201 2039 349 2095 noluit,
378 2044 629 2084 consecutus
659 2044 790 2084 esset:
822 2041 967 2097 populi
992 2042 1105 2083 enim
1130 2041 1331 2095 animum,
1362 2041 1520 2096 opinor,
1551 2041 1616 2084 his
1636 2054 1752 2098 prae—

200 2101 376 2141 maturis
418 2100 781 2142 criminationibus
826 2101 877 2142 ad
924 2113 1083 2143 novum
1124 2105 1287 2156 poetam
1325 2101 1583 2143 advertisset.
1637 2100 1754 2143 Haec

200 2159 353 2215 omnia,
384 2172 492 2215 quae
522 2160 558 2202 si
588 2160 809 2216 prologum
838 2160 999 2215 primae
1029 2160 1182 2201 actioni
1214 2158 1493 2213 attribuimus,
1524 2172 1602 2202 nos
1633 2161 1753 2202 valde

200 2217 434 2273 offendunt,
477 2220 513 2260 si
565 2219 784 2274 prologum
828 2219 881 2260 ad
932 2220 1203 2274 posteriorem
1255 2220 1461 2261 actionem
1522 2219 1754 2273 referimus,

319 2322 362 2369 ¹⁸)
387 2322 556 2370 Wagner,
581 2323 642 2369 qui
665 2323 710 2358 ad
736 2323 825 2359 haec
842 2323 952 2359 verba
966 2325 1220 2369 provocaverat
1243 2323 1279 2369 (l.
1297 2333 1326 2358 s.
1343 2324 1399 2369 s.),
1425 2333 1505 2358 sese
1529 2323 1754 2359 Dziatzkonis

199 2371 495 2407 commentatione
529 2371 597 2415 „de
621 2370 753 2416 duplici
775 2370 932 2406 Andriae
957 2371 1080 2407 exitu“
1114 2370 1243 2413 (annal.
1270 2369 1353 2415 phil.
1379 2381 1460 2406 nov.
1485 2370 1607 2408 CXIII
1631 2370 1752 2416 (1876)

197 2429 232 2472 p..
258 2417 329 2472 285
343 2418 434 2501 sqgl.)
459 2419 620 2454 coactum
644 2418 710 2454 hac
733 2419 913 2454 sententia
936 2418 1113 2454 destitisse
1130 2418 1206 2463 ipse
1232 2420 1356 2463 postea
1379 2418 1572 2468 confitetur
1597 2418 1649 2463 (in
1662 2418 1752 2453 Bur-

199 2475 289 2500 Slam
312 2475 383 2501 ann
419 2492 427 2500 .
452 2465 509 2501 111
532 2465 650 2511 p.804
674 2466 712 2501 et
733 2464 829 2510 808).
855 2486 900 2493 —
926 2465 1008 2501 Non
1032 2466 1129 2501 recte
1154 2467 1256 2510 putat
1278 2465 1390 2502 Bosse
1415 2466 1585 2511 (,Quaest.
1598 2466 1753 2501 Terent.⁴

199 2512 295 2558 Lips.
322 2512 415 2549 1874
438 2524 472 2558 p.
499 2513 558 2557 14)
581 2511 784 2549 Terentium
809 2512 906 2548 hunc
930 2512 1118 2558 pluralem,
1144 2513 1213 2548 etsi
1236 2513 1281 2548 de
1306 2524 1378 2549 una
1400 2512 1520 2549 fabula
1543 2513 1678 2549 Andria
1700 2513 1752 2548 di-

201 2561 311 2603 ceret,
336 2559 547 2596 adhibuisse.
574 2580 617 2586 —
644 2560 691 2595 of.
715 2559 1036 2596 Paeckehnannum
1060 2559 1083 2595 l.
1109 2571 1136 2595 s.
1163 2571 1191 2595 s.
1218 2572 1251 2605 p.
1279 2562 1334 2596 11.

318 2606 360 2653 ¹⁹)
386 2606 409 2643 1.
435 2617 463 2643 s.
489 2617 518 2643 S.
543 2618 577 2653 p.
605 2607 673 2644 186
697 2616 748 2652 sq.

317 2654 359 2697 ²⁰)
384 2655 431 2690 cf.
457 2656 545 2700 part.
571 2655 608 2690 H
633 2666 706 2700 cap.
734 2654 760 2689 I.

319 2701 361 2745 ²¹)
387 2702 432 2737 cf.
460 2702 617 2737 Greifeld
643 2701 664 2737 1.
691 2701 712 2736 l.
739 2713 772 2746 p.
798 2702 855 2737 25.
