2067 3311
865 134 1155 175 ...19—

236 249 578 292 tontimorumeni
626 251 846 306 prologum
894 251 1110 307 aliquanto
1155 255 1252 293 ante
1298 251 1523 306 Adelphon
1567 250 1789 306 prologum

236 310 510 363 compositum
540 322 642 352 csse.
794 313 800 319 ‘

353 367 464 410 Nam
494 369 605 424 quod
636 367 809 427 aiunt³⁶)
839 382 895 412 ex
924 382 986 422 ec,
1016 369 1128 425 quod
1159 370 1204 411 in
1234 369 1307 412 illo
1338 368 1510 425 prologo
1539 368 1595 423 (v.
1612 368 1684 422 22)
1713 367 1789 410 Te-

235 427 395 469 rentius
415 440 519 469 usus
539 429 598 469 sit
617 428 842 481 ,dictitare‘,
861 429 906 469 in
927 429 1006 470 hoc
1019 429 1191 483 prologo
1205 429 1262 483 (v.
1279 429 1348 477 15)
1363 428 1538 483 ,dicere‘,
1555 428 1788 470 necessario

236 484 345 528 effici
380 486 493 529 hunc
528 486 747 542 prologum
785 490 882 529 ante
917 487 1037 529 illum
1074 488 1275 543 scriptum
1305 500 1414 541 esse,
1452 487 1531 529 hoc
1560 486 1787 530 admodum

237 548 300 586 est
328 544 449 587 futile
478 549 783 600 argumentum.
828 545 995 587 Etenim
1028 559 1084 587 ex
1113 546 1186 587 illo
1216 546 1400 600 ,dictitat‘
1430 546 1535 587 nihil
1559 546 1676 588 aliud
1700 545 1788 588 effi-

236 602 346 645 citur
369 604 464 657 nisi‚
487 608 536 646 ut
558 607 680 647 vetus
704 606 825 659 poeta
847 603 955 646 illud
969 604 1125 646 crimen
1143 603 1425 659 compluriens
1437 604 1603 659 dixerit,
1615 605 1789 646 minime

236 674 348 717 vero,
374 667 421 704 ut
439 662 657 705 Terentius
681 663 760 705 hoc
782 660 943 706 crimen
967 665 1090 705 antea
1108 663 1194 705 iam
1214 663 1475 715 refutaverit3
1501 676 1640 718 neque
1659 664 1789 718 igitur

235 719 446 776 sequitur,
487 725 535 763 ut
572 722 638 763 hic
674 722 872 776 prologus
907 724 1005 763 ante
1043 721 1165 762 illum
1200 721 1336 763 factus
1372 723 1437 763 sit.
1504 721 1672 763 Etenim
1710 724 1788 763 etsi

237 779 455 822 Terentius
491 781 575 822 iam
612 781 656 821 in
688 778 1156 822 Heautontimorumeni
1191 779 1364 835 prologo
1399 780 1500 822 huic
1528 780 1695 822 crimini
1725 793 1788 823 re·

236 839 475 894 sponderat,
511 842 652 880 tamen
682 838 774 880 fieri
803 839 957 893 potuit,
987 841 1035 879 ut
1064 838 1292 879 adversarii
1322 842 1465 893 postea
1493 839 1668 881 eandem
1698 851 1786 881 rem

236 897 373 939 denuo
402 896 594 939 Terentio
624 897 790 939 crimini
820 895 1062 939 tribuerent.

353 1001 423 1039 m.
449 1000 513 1039 De
536 1000 640 1039 furti
666 1000 860 1039 crimine.

353 1061 469 1105 Inter
498 1062 674 1105 crimina
704 1061 757 1104 ab
788 1061 1036 1104 adversariis
1066 1061 1117 1102 ad
1147 1061 1313 1103 Terenti
1339 1062 1509 1104 laudem
1533 1064 1787 1105 imminuen-

235 1123 330 1163 dam
362 1135 507 1176 sparsa
525 1123 662 1164 etiam
685 1122 792 1164 illud
816 1125 916 1174 erat,
946 1121 1059 1176 quod
1081 1120 1321 1163 Terentium
1347 1121 1507 1164 furtum
1530 1123 1787 1166 commisisse

236 1179 446 1221 dixerunt.
492 1179 668 1222 Furtum
702 1183 841 1222 autem
872 1179 977 1234 quid
1007 1178 1089 1220 sibi
1118 1179 1287 1232 velit,⁸⁷)
1317 1183 1487 1235 apparet
1510 1193 1565 1221 ex
1588 1180 1787 1223 Eunuchi

234 1241 275 1281 et
311 1238 531 1295 Adelphon
567 1239 767 1296 prologis,
802 1239 848 1281 in
885 1237 1040 1294 quibus
1074 1236 1292 1281 Terentius
1326 1237 1380 1281 ab
1417 1239 1496 1281 hoc
1531 1240 1706 1283 crimine
1741 1252 1787 1283 se

234 1303 395 1353 purgat.
441 1298 494 1340 In
522 1300 660 1354 priore
690 1298 868 1340 Luscius
895 1296 1088 1340 Terentio
1118 1296 1289 1339 crimini
1319 1298 1401 1351 dat,
1431 1299 1544 1353 quod
1574 1311 1630 1341 ex
1653 1299 1787 1341 Naevi

235 1360 276 1399 et
299 1356 439 1401 Plauti
462 1357 610 1401 Colace
633 1360 771 1413 partes
795 1356 997 1413 quasdam
1022 1355 1274 1411 abstulisset,
1300 1369 1426 1412 quam
1452 1356 1505 1399 ob
1526 1369 1615 1400 rem
1634 1357 1786 1401 Teren-

234 1417 340 1457 tium
375 1417 529 1471 furem,
565 1430 649 1458 non
686 1419 851 1471 poetam
889 1428 980 1458 esse
1015 1416 1126 1457 dicit.
1193 1414 1262 1457 Ex
1299 1428 1383 1470 quo
1419 1418 1687 1472 perspicuum
1724 1422 1788 1459 est

232 1473 384 1518 Luscio
420 1478 590 1518 auctore
624 1478 770 1530 poetae
806 1473 954 1516 Latino
991 1486 1075 1515 non
1113 1473 1283 1516 licuisse
1317 1478 1457 1530 partes
1494 1475 1698 1530 quasdam
1730 1488 1786 1519 ex

230 1532 384 1575 fabulis
427 1546 536 1588 quae
577 1534 776 1575 dicuntur
816 1532 996 1587 palliatis
1036 1544 1212 1574 sumere.
1283 1531 1401 1580 Quae
1440 1546 1535 1575 cum
1577 1535 1691 1588 ipsae
1730 1547 1785 1576 ex

231 1590 385 1634 fabulis
411 1591 579 1635 Graecis
603 1602 841 1645 conversae,
864 1602 949 1633 non
970 1592 1187 1646 poetarum
1207 1588 1453 1633 Latinorum
1472 1592 1643 1647 ingenio
1662 1590 1784 1635 fictae

231 1655 382 1705 essent,
410 1656 580 1707 apparet
609 1655 752 1706 poetae
781 1649 934 1692 Latino
964 1662 1049 1691 non
1079 1649 1212 1704 magis
1243 1649 1413 1692 licuisse
1441 1650 1628 1693 fabulam
1654 1650 1782 1694 Grae-

231 1722 322 1752 cam
353 1709 438 1766 (vel
468 1711 559 1753 eius
589 1709 766 1766 partem)
796 1708 879 1751 iam
911 1707 964 1750 ab
994 1707 1077 1750 alio
1107 1710 1230 1763 poeta
1252 1708 1411 1750 comico
1437 1707 1585 1751 Latino
1610 1722 1783 1753 conver-

231 1782 321 1811 sam
346 1770 484 1812 denuo
510 1775 751 1812 convertere
771 1769 901 1823 inque
925 1780 1117 1810 scaenam
1144 1766 1314 1810 deferre.
1360 1767 1563 1824 Idemque
1582 1769 1784 1825 probatur

229 1828 302 1870 illo
345 1831 524 1884 utroque
565 1829 754 1883 prologo:
796 1828 840 1869 in
880 1825 1083 1868 Eunuchi
1121 1826 1233 1868 enim
1271 1827 1444 1882 prologo
1481 1826 1700 1871 Terentius
1739 1842 1784 1871 se

231 1887 416 1930 defendit
438 1889 508 1943 ita,
533 1893 581 1930 ut
606 1888 716 1930 dicat
740 1887 795 1941 (v.
820 1886 891 1940 30)
916 1897 962 1928 se
985 1884 1080 1927 illas
1098 1897 1299 1941 personas
1319 1886 1363 1927 in
1386 1885 1643 1930 Eunuchum
1663 1900 1783 1931 suam

229 1958 292 1988 ex
333 1947 442 2003 ipsa
485 1946 672 1989 Graeca
715 1945 816 2000 (scil.
848 1944 996 1987 Colace
1028 1943 1266 1999 Menandri)
1308 1946 1656 2001 transtulisse,
1698 1961 1784 1989 non

231 2006 360 2061 igitur
395 2018 451 2048 ex
486 2005 627 2049 Plauti
663 2008 704 2048 et
738 2004 874 2048 Naevi
910 2003 1154 2056 comoediis3
1192 2002 1309 2046 addit
1343 2007 1483 2047 autem
1521 2017 1566 2048 se
1602 2018 1785 2062 negare

228 2077 321 2107 sese
350 2066 479 2108 scisse
508 2066 596 2107 has
624 2064 823 2107 fabulas
851 2064 996 2119 prius
1026 2062 1229 2105 Latinas
1260 2063 1421 2106 factas
1451 2077 1570 2107 esse.

349 2124 404 2166 Et
427 2125 473 2166 in
499 2124 721 2180 Adelphon
773 2122 916 2178 rologo
941 2122 1042 2164 dicit
1065 2134 1111 2164 se
1134 2135 1264 2163 unam
1285 2135 1479 2164 scaenam
1504 2136 1564 2165 ex
1588 2122 1785 2180 Diphili

231 2182 688 2227 Commorientibus
706 2182 749 2225 fa
779 2182 850 2225 ula
868 2183 953 2224 iam
974 2195 999 2223 a
1013 2180 1165 2223 Plauto
1184 2185 1384 2237 usurpata
1403 2184 1632 2238 sumpsisse
1646 2195 1786 2239 neque

230 2256 330 2286 vero
354 2256 400 2286 se
423 2243 585 2285 furtum
603 2242 765 2297 fecisse,
790 2242 891 2297 quia
915 2253 1026 2284 eum
1050 2241 1233 2294 locum,
1258 2253 1385 2296 quem
1404 2242 1494 2297 ipse
1513 2243 1783 2297 transtulerit,

231 2303 445 2345 Plautus
475 2303 685 2357 integrum
715 2300 953 2356 reliquisset
982 2300 1036 2352 (h.
1062 2311 1097 2341 e.
1126 2311 1225 2341 non
1255 2301 1621 2354 convertisset).

349 2360 512 2404 Deinde
542 2364 636 2402 uter
667 2362 808 2401 utrum
837 2358 1036 2414 prologus
1067 2359 1344 2413 antecesserit,
1379 2360 1678 2416 inquirendum
1710 2365 1783 2401 est.

231 2421 300 2463 Ex
324 2420 520 2464 omnibus
544 2418 743 2468 Eunuchi
766 2417 929 2474 prologi
952 2415 1158 2466 versibus,
1187 2415 1341 2472 quibus
1364 2416 1582 2460 Terentius
1606 2418 1659 2460 de
1683 2417 1783 2460 furti

229 2481 405 2522 crimine
434 2478 563 2521 verba
592 2478 690 2520 facit
720 2477 776 2530 (v.
803 2477 858 2518 19
883 2474 991 2531 sqq.)
1021 2478 1192 2530 apparet-
1219 2479 1382 2530 poetam
1414 2477 1493 2518 hoc
1522 2478 1681 2519 crimen
1705 2479 1783 2519 mi·

349 2598 392 2690 :33
414 2595 690 2680 ἕζοξὲιῗέῃέΐ.
699 2594 902 2677 130glis-iiieclhtt
908 2602 1042 2693 ‘linsffug
1053 2592 1404 2685 pu73gqgfl<kissem
1420 2640 1540 2685 philol.
1558 2643 1782 2695 Argentorat.

228 2693 295 2728 IX.
320 2704 355 2738 p.
379 2690 449 2729 299
479 2690 582 2736 sqq.).
608 2709 652 2716 -
677 2689 717 2736 E.
742 2686 878 2724 Hauler
906 2698 945 2722 m
973 2686 1116 2722 Phorm.
1142 2686 1197 2721 ed.
1222 2686 1335 2731 praef.
1360 2698 1395 2732 p.
1423 2687 1477 2723 19.
1504 2708 1549 2713 -
1574 2687 1684 2724 Fab1a
1705 2688 1729 2724 l.
1755 2700 1783 2723 s.

229 2751 257 2774 S.
284 2752 316 2784 p.
342 2739 500 2786 218s230
524 2736 710 2783 (imprimis
734 2747 767 2781 p.
793 2732 860 2769 221
888 2735 925 2769 et
947 2733 1019 2768 224
1042 2734 1133 2777 sqq.)

1524 2794 1565 2830 2*
