2067 3311
840 106 1129 148 -65—

204 226 395 283 prologos
427 226 605 282 scripsit,
635 226 712 269 hoc
737 225 1001 269 Phormionis
1031 226 1202 282 prologo
1233 226 1387 269 iterum
1418 225 1469 268 de
1492 225 1759 281 prologorum

204 298 378 326 suorum
419 285 739 340 proprietatibus
781 285 909 327 verba
947 285 1113 327 facere?
1162 284 1330 340 ⁴Neque
1368 298 1467 326 vero
1509 288 1760 340 spectatores

205 344 282 385 hac
313 344 364 385 de
393 356 440 385 re
469 343 604 385 voluit
634 344 815 386 edocere.
867 343 1014 386 Restat
1042 344 1183 398 igitur,
1213 347 1262 385 ut
1291 343 1631 386 adversariorum
1660 344 1759 385 rati-

204 414 327 444 onem
357 402 560 444 habuerit.
607 402 773 445 Etenim
803 402 1025 445 Terentius
1056 403 1133 445 etsi
1164 403 1216 445 de
1239 402 1357 444 nullo
1382 406 1494 444 certo
1518 405 1760 444 accusatore

204 462 385 516 cogitare
415 461 580 503 videtur
610 462 673 515 (cf.
704 476 743 505 v.
772 462 853 516 12),
882 461 957 504 sed
988 461 1115 503 verba
1144 461 1203 503 ita
1229 461 1396 516 profert,
1427 462 1548 517 quasi
1572 461 1757 517 aliquem

204 523 478 575 spectatorem
519 520 597 562 hoc
639 521 907 576 prologorum
942 532 1094 575 genere
1131 519 1285 561 offendi
1323 521 1575 575 suspicetur,
1617 524 1757 563 tamen

204 580 409 621 sententia
445 583 550 632 tota,
588 592 670 620 non
710 578 888 633 singulis
917 578 1067 627 ⁴verbis
1103 579 1353 620 examinatis
1389 582 1559 634 apparet
1592 582 1757 634 poetam

205 637 256 678 de
286 636 438 679 Luscio
464 636 529 677 vel
562 638 732 678 omnino
758 637 810 678 de
834 636 1083 678 adversariis
1107 637 1196 677 suis
1220 637 1478 691 cogitavisse.
1524 635 1622 678 Hoc
1645 638 1758 678 enim

204 696 386 750 primum
409 696 722 737 demonstratur
742 698 988 750 argumento
1004 694 1119 737 illius
1134 694 1288 750 probri,
1309 695 1423 751 quod
1438 696 1483 736 111
1499 708 1565 737 vv.
1584 696 1756 737 13—15

205 767 311 810 quos
341 767 473 810 supra
503 755 746 809 scripsimus
776 755 894 796 inest.
943 752 1107 803 Quibus
1131 753 1271 795 verbis
1302 757 1434 809 ,poeta
1458 756 1601 795 novos‘
1633 767 1758 809 oppo—

205 814 321 855 nitur
350 816 508 869 ,poetae
538 814 691 855 veteri‘.
747 812 967 855 Praeterea
997 813 1076 854 hac
1106 812 1159 854 de
1189 825 1234 854 re
1263 811 1484 855 Terentius
1515 825 1563 855 eo
1594 813 1758 868 potissi-

205 885 320 913 mum
361 872 520 927 prologi
558 871 649 914 loco
686 872 787 926 agit,
825 883 909 927 quo
948 871 999 913 de
1036 871 1283 913 adversariis
1313 871 1511 927 loquitur.
1575 871 1759 925 Accedit,

205 931 320 986 quod
360 930 455 972 illos
496 934 639 985 poetas
680 931 894 986 prologos,
938 931 1012 985 qui
1055 943 1079 971 a
1114 929 1373 973 Terentianis
1415 943 1568 986 genere
1604 931 1759 973 diversi

204 990 374 1042 fuerint,
404 989 620 1045 scripsisse
650 993 823 1033 constat.

323 1048 467 1091 Restat
490 1053 642 1102 tamen,
666 1052 714 1090 ut
739 1061 1003 1104 quaeramus,
1026 1049 1342 1103 responderitne
1367 1049 1432 1090 his
1454 1048 1592 1091 verbis
1607 1048 1759 1091 Teren-

205 1109 289 1149 tius
331 1108 663 1149 adversariorum
707 1108 987 1150 criminationi
1026 1107 1194 1149 cuidam
1231 1120 1285 1149 an
1322 1108 1479 1149 crimen
1519 1109 1639 1163 quasi
1677 1107 1758 1150 sibi

205 1168 293 1222 ipse
330 1166 542 1221 obiecerit,
580 1167 693 1222 quod
728 1166 940 1209 refutaret.
1006 1164 1075 1206 Ex
1110 1179 1149 1208 v.
1178 1166 1249 1206 12:
1289 1166 1441 1219 „Nunc
1476 1167 1513 1208 si
1550 1167 1646 1222 quis
1683 1170 1758 1220 est,

206 1227 279 1281 qui
305 1226 384 1267 hoc
408 1226 518 1267 dicat
541 1230 614 1268 aut
638 1227 699 1268 sic
722 1226 897 1282 cogiteff‘
923 1225 1105 1267 dilucide
1129 1237 1329 1281 apparere
1348 1225 1527 1267 arbitror
1546 1226 1758 1268 neminem

171 1338 173 1342 ,
205 1298 341 1340 usque
374 1285 425 1326 ad
457 1284 560 1326 illud
592 1288 757 1341 tempus
781 1284 975 1341 prologos
997 1283 1268 1326 Terentianos
1293 1285 1564 1340 vituperasse,
1594 1288 1757 1341 poetam

205 1348 345 1385 autem
375 1344 577 1397 timuisse,
607 1356 661 1385 ne
691 1345 786 1398 quis
814 1343 1097 1398 malignorum
1126 1356 1230 1384 mox
1253 1344 1446 1398 prologos
1471 1356 1571 1385 suos
1595 1345 1759 1399 vitupe-

205 1406 325 1444 raret.
376 1401 590 1443 Praeterea
620 1403 657 1444 si
686 1402 915 1444 adversarii
945 1401 1153 1443 eiusmodi
1181 1402 1488 1456 vituperatione
1517 1403 1586 1444 usi
1608 1406 1758 1452 essent,

203 1460 421 1502 Terentius
458 1472 555 1501 cum
592 1461 842 1515 gravissima
878 1460 959 1501 sibi
979 1465 1260 1515 argumenta,
1297 1460 1451 1515 quibus
1487 1460 1570 1502 tale
1599 1462 1759 1503 crimen

205 1518 414 1570 refutaret,
450 1520 493 1560 in
525 1523 720 1575 promptu
750 1522 902 1573 essent,
941 1531 1027 1561 non
1058 1518 1284 1572 habuisset,
1320 1532 1398 1561 cur
1426 1518 1478 1561 ab
1509 1519 1759 1562 adversariis

207 1579 316 1619 hanc
340 1579 673 1619 criminationem
696 1578 901 1633 prolatam
925 1590 1016 1619 esse
1039 1578 1158 1619 nullo
1185 1578 1310 1620 verbo
1331 1584 1588 1621 memoraret.
1634 1578 1760 1621 Adde

207 1637 320 1692 quod
335 1637 380 1679 in
398 1636 595 1679 Eunuchi
611 1637 783 1693 prologo
797 1640 918 1693 poeta
934 1637 1061 1679 simili
1076 1636 1199 1693 plane
1214 1637 1338 1679 modo
1354 1637 1434 1679 hoc
1449 1637 1549 1679 dicit
1564 1638 1650 1691 (v.4
1658 1636 1757 1693 sq.):

416 1696 544 1749 „Tum
575 1698 617 1737 si
649 1698 762 1751 quis
793 1701 888 1750 est,
918 1697 993 1751 qui
1024 1696 1182 1738 dictum
1212 1697 1258 1738 in
1288 1709 1333 1738 se
1363 1696 1655 1739 inclementius

417 1754 703 1797 Existumavit
733 1767 835 1809 esse,
865 1756 925 1797 sic
955 1755 1203 1797 existumev‘
1234 1768 1294 1810 sq.

207 1827 290 1870 quo
332 1814 423 1856 loco
466 1827 562 1855 cum
604 1814 823 1856 lectionem
868 1813 1185 1867 „existumabit⁴‘
1227 1813 1397 1855 lectioni
1440 1815 1757 1867 „existumavit“

206 1873 516 1928 praeferendam
553 1885 644 1915 esse
683 1872 1015 1915 intellexerimus
1045 1872 1110 1926 (cf.
1140 1886 1178 1927 p.
1208 1873 1259 1914 11
1292 1873 1386 1915 adn.
1421 1874 1505 1926 19),
1541 1877 1758 1915 consenta-

206 1944 331 1973 neum
367 1935 430 1972 est
459 1932 560 1973 haec
590 1931 729 1984 verba,
766 1932 812 1972 in
843 1931 999 1986 quibus
1028 1931 1193 1986 legatur
1222 1932 1355 1972 forma
1385 1931 1517 1973 futuri
1547 1933 1759 1987 temporis,

206 1990 421 2032 referenda
461 2003 551 2032 esse
588 1990 641 2032 ad
678 2003 745 2044 ea,
788 2003 897 2045 quae
930 1989 1147 2032 Terentius
1184 1991 1273 2046 ipso
1310 1991 1389 2032 hoc
1423 1991 1467 2032 in
1505 1990 1677 2047 prologo
1713 1992 1757 2032 in

206 2047 440 2101 Lusciumss)
480 2049 668 2091 dicturus
704 2050 776 2102 sit,
813 2062 896 2090 non
935 2049 987 2090 ad
1018 2048 1158 2090 Luscii
1195 2050 1370 2090 crimina
1399 2050 1548 2104 priora.
1610 2049 1760 2105 Itaque

205 2118 291 2150 non
317 2112 393 2162 est,
416 2121 492 2150 cur
516 2107 766 2150 arbitremur
779 2106 1019 2150 Terentium
1044 2108 1147 2150 haec
1163 2121 1258 2150 cum
1277 2108 1399 2162 dicat,
1424 2108 1758 2152 adversariorum

206 2167 372 2208 crimini
408 2167 671 2221 respondisse
705 2167 843 2221 priori.
906 2167 963 2207 At
993 2167 1083 2208 iure
1114 2172 1286 2221 quaeret
1317 2168 1545 2222 quispiam,
1583 2181 1760 2209 curnam

204 2228 327 2281 poeta
369 2226 539 2267 omnino
581 2225 633 2267 de
675 2224 942 2280 prologorum
983 2237 1157 2267 suorum
1199 2237 1352 2280 genere
1388 2226 1467 2267 1100
1502 2226 1593 2267 1000
1628 2225 1758 2267 verba

205 2284 359 2326 fecerit.
421 2282 518 2334 Qua
555 2285 599 2325 in
631 2285 873 2338 quaestione
897 2296 947 2325 ea
977 2283 1115 2337 verba,
1153 2283 1308 2339 quibus
1337 2288 1461 2339 poeta
1491 2286 1667 2326 crimina
1697 2285 1761 2326 di-

206 2342 287 2384 luit
317 2343 663 2396 adversariorum,
693 2346 853 2398 oportet
884 2343 1211 2385 considerentur.
1266 2342 1316 2384 In
1351 2343 1615 2385 Phormionis
1646 2345 1758 2385 enim

206 2402 377 2457 prologo
408 2402 508 2443 dicit
538 2404 591 2455 (v.
619 2401 673 2443 16
704 2402 798 2457 sq.):
863 2402 930 2455 „in
960 2402 1098 2443 medio
1130 2401 1324 2443 omnibus

419 2460 608 2502 Palmam
639 2473 729 2503 esse
758 2461 948 2515 positam,
979 2463 1052 2516 qui
1083 2466 1214 2503 artem
1245 2464 1424 2503 tractant
1454 2462 1697 2515 musicam“,

206 2519 322 2561 addit
352 2522 491 2561 autem
524 2520 624 2562 haec
655 2523 711 2575 (v.
739 2519 793 2561 18
824 2520 921 2574 sq.):

327 2612 354 2657 ⁸)
378 2612 546 2648 Luscium
571 2613 666 2648 enim
692 2622 777 2647 voce
803 2612 858 2656 „si
882 2612 984 2657 quis“
1015 2612 1209 2659 significari
1233 2612 1462 2648 manifestum
1487 2614 1552 2648 est.
1595 2613 1642 2648 cf.
1661 2612 1760 2648 Nen-

208 2660 290 2696 cinii
314 2661 452 2705 ,quaest
473 2660 626 2695 Terent.‘
657 2659 780 2704 (Turin
805 2659 932 2703 1893),
970 2660 1071 2696 cuius
1101 2660 1315 2696 sententiam
1346 2671 1393 2695 ex
1416 2659 1564 2696 Hauleri
1589 2659 1761 2696 relatione

207 2707 353 2753 cognovi
378 2705 487 2753 (Berl.
512 2706 577 2742 Ph.
603 2705 859 2742 Wochenschr.
887 2705 978 2742 1895
1003 2706 1061 2752 Sp.
1086 2706 1181 2750 877).

1526 2767 1548 2802 δ
