<?xml version="1.0" encoding="UTF-8"?>
<!DOCTYPE html PUBLIC "-//W3C//DTD XHTML 1.0 Transitional//EN"
    "http://www.w3.org/TR/xhtml1/DTD/xhtml1-transitional.dtd">
<html xmlns="http://www.w3.org/1999/xhtml" xml:lang="en" lang="en">
 <head>
  <title>
</title>
<meta http-equiv="Content-Type" content="text/html;charset=utf-8" />
  <meta name='ocr-system' content='tesseract 3.04.00' />
  <meta name='ocr-capabilities' content='ocr_page ocr_carea ocr_par ocr_line ocrx_word'/>
</head>
<body>
  <div class='ocr_page' id='page_1' title='image "4626077_0050.png"; bbox 0 0 2067 3311; ppageno 0'>
   <div class='ocr_carea' id='block_1_1' title="bbox 923 108 1212 149">
    <p class='ocr_par' dir='ltr' id='par_1_1' title="bbox 923 108 1212 149">
     <span class='ocr_line' id='line_1_1' title="bbox 923 108 1212 149; baseline 0.003 -10"><span class='ocrx_word' id='word_1_1' title='bbox 923 108 1212 149; x_wconf 80' lang='lat'>—44-</span> 
     </span>
    </p>
   </div>
   <div class='ocr_carea' id='block_1_2' title="bbox 287 224 1847 2222">
    <p class='ocr_par' dir='ltr' id='par_1_2' title="bbox 287 224 1844 513">
     <span class='ocr_line' id='line_1_2' title="bbox 406 224 1843 281; baseline 0.002 -15"><span class='ocrx_word' id='word_1_2' title='bbox 406 224 499 266; x_wconf 87' lang='lat' dir='ltr'><strong>Tria</strong></span> <span class='ocrx_word' id='word_1_3' title='bbox 544 225 684 280; x_wconf 86' lang='lat' dir='ltr'><strong>priora</strong></span> <span class='ocrx_word' id='word_1_4' title='bbox 725 228 972 280; x_wconf 87' lang='lat' dir='ltr'><strong>argumenta</strong></span> <span class='ocrx_word' id='word_1_5' title='bbox 1014 225 1094 267; x_wconf 87' lang='lat' dir='ltr'><strong>viri</strong></span> <span class='ocrx_word' id='word_1_6' title='bbox 1137 226 1247 268; x_wconf 90' lang='lat' dir='ltr'><strong>docti</strong></span> <span class='ocrx_word' id='word_1_7' title='bbox 1289 229 1559 281; x_wconf 87' lang='lat' dir='ltr'><strong>sumpserunt</strong></span> <span class='ocrx_word' id='word_1_8' title='bbox 1600 239 1656 269; x_wconf 87' lang='lat' dir='ltr'><strong>ex</strong></span> <span class='ocrx_word' id='word_1_9' title='bbox 1697 227 1843 281; x_wconf 88' lang='lat' dir='ltr'><strong>primis</strong></span> 
     </span>
     <span class='ocr_line' id='line_1_3' title="bbox 289 282 1841 340; baseline 0.002 -16"><span class='ocrx_word' id='word_1_10' title='bbox 289 286 445 338; x_wconf 82' lang='lat' dir='ltr'><strong>septem</strong></span> <span class='ocrx_word' id='word_1_11' title='bbox 478 283 684 337; x_wconf 89' lang='lat' dir='ltr'><strong>versibus,</strong></span> <span class='ocrx_word' id='word_1_12' title='bbox 715 284 766 325; x_wconf 94' lang='lat' dir='ltr'><strong>de</strong></span> <span class='ocrx_word' id='word_1_13' title='bbox 797 282 953 338; x_wconf 87' lang='lat' dir='ltr'><strong>quibus</strong></span> <span class='ocrx_word' id='word_1_14' title='bbox 977 297 1104 340; x_wconf 90' lang='lat' dir='ltr'><strong>supra</strong></span> <span class='ocrx_word' id='word_1_15' title='bbox 1128 284 1195 339; x_wconf 86' lang='lat' dir='ltr'><strong>(cf.</strong></span> <span class='ocrx_word' id='word_1_16' title='bbox 1225 297 1263 340; x_wconf 92' lang='lat' dir='ltr'><strong>p.</strong></span> <span class='ocrx_word' id='word_1_17' title='bbox 1292 285 1317 325; x_wconf 84' lang='lat'>9</span> <span class='ocrx_word' id='word_1_18' title='bbox 1347 286 1424 339; x_wconf 90' lang='lat' dir='ltr'><strong>sq.)</strong></span> <span class='ocrx_word' id='word_1_19' title='bbox 1450 288 1642 327; x_wconf 87' lang='lat' dir='ltr'><strong>accurate</strong></span> <span class='ocrx_word' id='word_1_20' title='bbox 1666 285 1841 340; x_wconf 79' lang='lat' dir='ltr'>egimus,</span> 
     </span>
     <span class='ocr_line' id='line_1_4' title="bbox 289 341 1844 398; baseline 0.002 -16"><span class='ocrx_word' id='word_1_21' title='bbox 289 341 363 383; x_wconf 92' lang='lat' dir='ltr'><strong>ubi</strong></span> <span class='ocrx_word' id='word_1_22' title='bbox 388 342 676 384; x_wconf 80' lang='lat' dir='ltr'>intelleximus</span> <span class='ocrx_word' id='word_1_23' title='bbox 701 342 806 383; x_wconf 87' lang='lat' dir='ltr'>nihil</span> <span class='ocrx_word' id='word_1_24' title='bbox 831 342 946 384; x_wconf 90' lang='lat' dir='ltr'><strong>aliud</strong></span> <span class='ocrx_word' id='word_1_25' title='bbox 968 355 1022 384; x_wconf 85' lang='lat' dir='ltr'><strong>ex</strong></span> <span class='ocrx_word' id='word_1_26' title='bbox 1044 344 1104 385; x_wconf 90' lang='lat' dir='ltr'><strong>eis</strong></span> <span class='ocrx_word' id='word_1_27' title='bbox 1125 342 1234 385; x_wconf 89' lang='lat' dir='ltr'><strong>effici</strong></span> <span class='ocrx_word' id='word_1_28' title='bbox 1254 345 1349 396; x_wconf 90' lang='lat' dir='ltr'><strong>nisi,</strong></span> <span class='ocrx_word' id='word_1_29' title='bbox 1373 347 1421 385; x_wconf 98' lang='grc' dir='ltr'><strong>ιιι</strong></span> <span class='ocrx_word' id='word_1_30' title='bbox 1442 343 1627 385; x_wconf 87' lang='lat' dir='ltr'><strong>Andriae</strong></span> <span class='ocrx_word' id='word_1_31' title='bbox 1646 342 1844 398; x_wconf 86' lang='lat' dir='ltr'>prologus</span> 
     </span>
     <span class='ocr_line' id='line_1_5' title="bbox 289 399 1844 456; baseline 0 -14"><span class='ocrx_word' id='word_1_32' title='bbox 289 401 478 442; x_wconf 90' lang='lat' dir='ltr'><strong>omnium</strong></span> <span class='ocrx_word' id='word_1_33' title='bbox 525 399 691 443; x_wconf 83' lang='lat' dir='ltr'><strong>Terenti</strong></span> <span class='ocrx_word' id='word_1_34' title='bbox 728 400 995 456; x_wconf 88' lang='lat' dir='ltr'><strong>prologorum</strong></span> <span class='ocrx_word' id='word_1_35' title='bbox 1039 402 1200 456; x_wconf 91' lang='lat' dir='ltr'><strong>primus</strong></span> <span class='ocrx_word' id='word_1_36' title='bbox 1236 402 1299 445; x_wconf 90' lang='lat' dir='ltr'><strong>sit.</strong></span> <span class='ocrx_word' id='word_1_37' title='bbox 1362 400 1480 451; x_wconf 88' lang='lat' dir='ltr'><strong>Quae</strong></span> <span class='ocrx_word' id='word_1_38' title='bbox 1518 415 1616 443; x_wconf 91' lang='lat' dir='ltr'><strong>cum</strong></span> <span class='ocrx_word' id='word_1_39' title='bbox 1653 403 1712 443; x_wconf 85' lang='lat' dir='ltr'><strong>ita</strong></span> <span class='ocrx_word' id='word_1_40' title='bbox 1747 402 1844 455; x_wconf 86' lang='lat' dir='ltr'><strong>sint,</strong></span> 
     </span>
     <span class='ocr_line' id='line_1_6' title="bbox 287 463 458 513; baseline 0.006 -13"><span class='ocrx_word' id='word_1_41' title='bbox 287 463 458 513; x_wconf 90' lang='lat' dir='ltr'><strong>apparet</strong></span> 
     </span>
    </p>

    <p class='ocr_par' dir='ltr' id='par_1_3' title="bbox 287 499 1845 1750">
     <span class='ocr_line' id='line_1_7' title="bbox 410 499 1843 575; baseline 0.001 -16"><span class='ocrx_word' id='word_1_42' title='bbox 410 518 446 560; x_wconf 93' lang='lat'><strong>1.</strong></span> <span class='ocrx_word' id='word_1_43' title='bbox 477 518 685 574; x_wconf 83' lang='lat' dir='ltr'><strong>pluralem</strong></span> <span class='ocrx_word' id='word_1_44' title='bbox 709 499 784 572; x_wconf 83' lang='lat' dir='ltr'><strong>„in</strong></span> <span class='ocrx_word' id='word_1_45' title='bbox 811 519 1033 574; x_wconf 86' lang='lat' dir='ltr'><strong>prologis</strong></span> <span class='ocrx_word' id='word_1_46' title='bbox 1058 518 1192 560; x_wconf 90' lang='lat' dir='ltr'><strong>scr1b</strong></span> <span class='ocrx_word' id='word_1_47' title='bbox 1203 520 1373 562; x_wconf 84' lang='lat' dir='ltr'><strong>und1s“</strong></span> <span class='ocrx_word' id='word_1_48' title='bbox 1404 519 1653 575; x_wconf 79' lang='lat' dir='ltr'><strong>generaliter</strong></span> <span class='ocrx_word' id='word_1_49' title='bbox 1684 519 1843 561; x_wconf 90' lang='lat' dir='ltr'><strong>dictum</strong></span> 
     </span>
     <span class='ocr_line' id='line_1_8' title="bbox 289 578 1844 645; baseline 0.001 -27"><span class='ocrx_word' id='word_1_50' title='bbox 289 589 392 630; x_wconf 89' lang='lat' dir='ltr'><strong>esse,</strong></span> <span class='ocrx_word' id='word_1_51' title='bbox 434 591 520 619; x_wconf 90' lang='lat' dir='ltr'><strong>non</strong></span> <span class='ocrx_word' id='word_1_52' title='bbox 562 578 614 619; x_wconf 92' lang='lat' dir='ltr'><strong>de</strong></span> <span class='ocrx_word' id='word_1_53' title='bbox 656 579 839 632; x_wconf 87' lang='lat' dir='ltr'><strong>prologis</strong></span> <span class='ocrx_word' id='word_1_54' title='bbox 881 582 1004 619; x_wconf 87' lang='lat' dir='ltr'><strong>antea</strong></span> <span class='ocrx_word' id='word_1_55' title='bbox 1038 579 1331 632; x_wconf 84' lang='lat' dir='ltr'><strong>pronuntiatis</strong></span> <span class='ocrx_word' id='word_1_56' title='bbox 1394 578 1672 629; x_wconf 83' lang='lat' dir='ltr'><strong>Quamobrem</strong></span> <span class='ocrx_word' id='word_1_57' title='bbox 1716 578 1844 645; x_wconf 71' lang='lat' dir='ltr'><strong>illam,</strong></span> 
     </span>
     <span class='ocr_line' id='line_1_9' title="bbox 289 635 1844 693; baseline 0.001 -17"><span class='ocrx_word' id='word_1_58' title='bbox 289 648 418 690; x_wconf 86' lang='lat' dir='ltr'><strong>quam</strong></span> <span class='ocrx_word' id='word_1_59' title='bbox 447 636 638 678; x_wconf 91' lang='lat' dir='ltr'><strong>Theodor</strong></span> <span class='ocrx_word' id='word_1_60' title='bbox 667 636 866 678; x_wconf 80' lang='lat' dir='ltr'><strong>Bent&#39;eius</strong></span> <span class='ocrx_word' id='word_1_61' title='bbox 877 637 927 688; x_wconf 80' lang='lat'><strong>1²)</strong></span> <span class='ocrx_word' id='word_1_62' title='bbox 964 635 1106 690; x_wconf 90' lang='lat' dir='ltr'><strong>habet,</strong></span> <span class='ocrx_word' id='word_1_63' title='bbox 1143 638 1394 679; x_wconf 89' lang='lat' dir='ltr'><strong>sententiam</strong></span> <span class='ocrx_word' id='word_1_64' title='bbox 1431 638 1732 693; x_wconf 80' lang='lat' dir='ltr'><strong>amplectimur,</strong></span> <span class='ocrx_word' id='word_1_65' title='bbox 1770 638 1844 692; x_wconf 90' lang='lat' dir='ltr'><strong>qui</strong></span> 
     </span>
     <span class='ocr_line' id='line_1_10' title="bbox 289 695 1842 751; baseline 0.001 -16"><span class='ocrx_word' id='word_1_66' title='bbox 289 699 432 737; x_wconf 89' lang='lat' dir='ltr'><strong>monet</strong></span> <span class='ocrx_word' id='word_1_67' title='bbox 462 696 718 750; x_wconf 83' lang='lat' dir='ltr'><strong>plurativum</strong></span> <span class='ocrx_word' id='word_1_68' title='bbox 750 708 975 737; x_wconf 91' lang='lat' dir='ltr'><strong>numerum</strong></span> <span class='ocrx_word' id='word_1_69' title='bbox 1000 695 1051 737; x_wconf 92' lang='lat' dir='ltr'><strong>de</strong></span> <span class='ocrx_word' id='word_1_70' title='bbox 1075 695 1200 737; x_wconf 91' lang='lat' dir='ltr'><strong>rebus</strong></span> <span class='ocrx_word' id='word_1_71' title='bbox 1230 696 1416 738; x_wconf 90' lang='lat' dir='ltr'><strong>molestis</strong></span> <span class='ocrx_word' id='word_1_72' title='bbox 1446 700 1572 751; x_wconf 87' lang='lat' dir='ltr'><strong>atque</strong></span> <span class='ocrx_word' id='word_1_73' title='bbox 1602 697 1775 751; x_wconf 86' lang='lat' dir='ltr'><strong>ingratis</strong></span> <span class='ocrx_word' id='word_1_74' title='bbox 1799 697 1842 737; x_wconf 90' lang='lat' dir='ltr'><strong>in</strong></span> 
     </span>
     <span class='ocr_line' id='line_1_11' title="bbox 292 753 1843 809; baseline 0.001 -15"><span class='ocrx_word' id='word_1_75' title='bbox 292 766 371 794; x_wconf 92' lang='lat' dir='ltr'><strong>usu</strong></span> <span class='ocrx_word' id='word_1_76' title='bbox 402 766 503 795; x_wconf 90' lang='lat' dir='ltr'><strong>esse.</strong></span> <span class='ocrx_word' id='word_1_77' title='bbox 509 754 558 806; x_wconf 77' lang='lat'><strong>1¹³)</strong></span> <span class='ocrx_word' id='word_1_78' title='bbox 619 753 712 795; x_wconf 90' lang='lat' dir='ltr'><strong>Hoc</strong></span> <span class='ocrx_word' id='word_1_79' title='bbox 755 754 868 795; x_wconf 91' lang='lat' dir='ltr'><strong>enim</strong></span> <span class='ocrx_word' id='word_1_80' title='bbox 911 754 1010 795; x_wconf 89' lang='lat' dir='ltr'><strong>huic</strong></span> <span class='ocrx_word' id='word_1_81' title='bbox 1052 754 1127 795; x_wconf 88' lang='lat' dir='ltr'><strong>toti</strong></span> <span class='ocrx_word' id='word_1_82' title='bbox 1171 755 1401 796; x_wconf 88' lang='lat' dir='ltr'><strong>sententiae</strong></span> <span class='ocrx_word' id='word_1_83' title='bbox 1444 755 1597 809; x_wconf 90' lang='lat' dir='ltr'><strong>optime</strong></span> <span class='ocrx_word' id='word_1_84' title='bbox 1637 755 1843 796; x_wconf 88' lang='lat' dir='ltr'><strong>convenit.</strong></span> 
     </span>
     <span class='ocr_line' id='line_1_12' title="bbox 287 811 1844 868; baseline 0.001 -15"><span class='ocrx_word' id='word_1_85' title='bbox 287 811 506 854; x_wconf 85' lang='lat' dir='ltr'><strong>Terentius</strong></span> <span class='ocrx_word' id='word_1_86' title='bbox 543 812 657 854; x_wconf 91' lang='lat' dir='ltr'><strong>enim</strong></span> <span class='ocrx_word' id='word_1_87' title='bbox 691 812 886 867; x_wconf 89' lang='lat' dir='ltr'><strong>prologos</strong></span> <span class='ocrx_word' id='word_1_88' title='bbox 922 812 1093 866; x_wconf 90' lang='lat' dir='ltr'><strong>fabulis,</strong></span> <span class='ocrx_word' id='word_1_89' title='bbox 1137 825 1242 868; x_wconf 89' lang='lat' dir='ltr'><strong>quas</strong></span> <span class='ocrx_word' id='word_1_90' title='bbox 1278 812 1464 863; x_wconf 83' lang='lat' dir='ltr'><strong>facturus</strong></span> <span class='ocrx_word' id='word_1_91' title='bbox 1506 817 1631 867; x_wconf 90' lang='lat' dir='ltr'><strong>esset,</strong></span> <span class='ocrx_word' id='word_1_92' title='bbox 1674 814 1844 855; x_wconf 91' lang='lat' dir='ltr'><strong>omnino</strong></span> 
     </span>
     <span class='ocr_line' id='line_1_13' title="bbox 288 871 1844 927; baseline 0.001 -15"><span class='ocrx_word' id='word_1_93' title='bbox 288 883 371 912; x_wconf 91' lang='lat' dir='ltr'><strong>non</strong></span> <span class='ocrx_word' id='word_1_94' title='bbox 399 872 665 926; x_wconf 78' lang='lat' dir='ltr'><strong>praemittere</strong></span> <span class='ocrx_word' id='word_1_95' title='bbox 678 871 757 913; x_wconf 91' lang='lat' dir='ltr'><strong>sibi</strong></span> <span class='ocrx_word' id='word_1_96' title='bbox 773 877 1055 927; x_wconf 81' lang='lat' dir='ltr'><strong>proposuerat,</strong></span> <span class='ocrx_word' id='word_1_97' title='bbox 1078 871 1350 927; x_wconf 89' lang='lat' dir='ltr'><strong>quamobrem</strong></span> <span class='ocrx_word' id='word_1_98' title='bbox 1364 885 1425 927; x_wconf 90' lang='lat' dir='ltr'><strong>ea,</strong></span> <span class='ocrx_word' id='word_1_99' title='bbox 1450 882 1558 927; x_wconf 84' lang='lat' dir='ltr'><strong>quae</strong></span> <span class='ocrx_word' id='word_1_100' title='bbox 1582 873 1633 913; x_wconf 91' lang='lat' dir='ltr'><strong>ad</strong></span> <span class='ocrx_word' id='word_1_101' title='bbox 1658 872 1844 914; x_wconf 85' lang='lat' dir='ltr'><strong>fabulam</strong></span> 
     </span>
     <span class='ocr_line' id='line_1_14' title="bbox 287 930 1844 986; baseline 0.001 -15"><span class='ocrx_word' id='word_1_102' title='bbox 287 930 614 985; x_wconf 86' lang='lat' dir='ltr'><strong>intellegendam</strong></span> <span class='ocrx_word' id='word_1_103' title='bbox 646 943 751 985; x_wconf 90' lang='lat' dir='ltr'><strong>opus</strong></span> <span class='ocrx_word' id='word_1_104' title='bbox 781 934 898 985; x_wconf 89' lang='lat' dir='ltr'><strong>sunt,</strong></span> <span class='ocrx_word' id='word_1_105' title='bbox 935 932 978 972; x_wconf 89' lang='lat' dir='ltr'><strong>in</strong></span> <span class='ocrx_word' id='word_1_106' title='bbox 1015 932 1162 986; x_wconf 90' lang='lat' dir='ltr'><strong>primis</strong></span> <span class='ocrx_word' id='word_1_107' title='bbox 1199 932 1385 986; x_wconf 89' lang='lat' dir='ltr'><strong>ipsarum</strong></span> <span class='ocrx_word' id='word_1_108' title='bbox 1414 931 1654 974; x_wconf 86' lang='lat' dir='ltr'><strong>fabularum</strong></span> <span class='ocrx_word' id='word_1_109' title='bbox 1683 931 1844 974; x_wconf 81' lang='lat' dir='ltr'><strong>scaenis</strong></span> 
     </span>
     <span class='ocr_line' id='line_1_15' title="bbox 288 989 1843 1043; baseline 0.001 -13"><span class='ocrx_word' id='word_1_110' title='bbox 288 990 523 1043; x_wconf 79' lang='lat' dir='ltr'><strong>enarrat-¹⁴)</strong></span> <span class='ocrx_word' id='word_1_111' title='bbox 556 990 906 1031; x_wconf 86' lang='lat' dir='ltr'><strong>Adversariorum</strong></span> <span class='ocrx_word' id='word_1_112' title='bbox 920 993 1061 1032; x_wconf 88' lang='lat' dir='ltr'><strong>autem</strong></span> <span class='ocrx_word' id='word_1_113' title='bbox 1076 990 1380 1032; x_wconf 85' lang='lat' dir='ltr'><strong>malevolorum</strong></span> <span class='ocrx_word' id='word_1_114' title='bbox 1403 989 1843 1042; x_wconf 79' lang='lat' dir='ltr'><strong>insimulationibus1⁶)</strong></span> 
     </span>
     <span class='ocr_line' id='line_1_16' title="bbox 287 1048 1844 1105; baseline 0.001 -15"><span class='ocrx_word' id='word_1_115' title='bbox 287 1049 482 1103; x_wconf 89' lang='lat' dir='ltr'><strong>prologos</strong></span> <span class='ocrx_word' id='word_1_116' title='bbox 526 1061 695 1103; x_wconf 88' lang='lat' dir='ltr'><strong>quoque</strong></span> <span class='ocrx_word' id='word_1_117' title='bbox 725 1049 905 1091; x_wconf 89' lang='lat' dir='ltr'><strong>scribere</strong></span> <span class='ocrx_word' id='word_1_118' title='bbox 936 1050 1110 1103; x_wconf 89' lang='lat' dir='ltr'><strong>cogitur.</strong></span> <span class='ocrx_word' id='word_1_119' title='bbox 1171 1049 1337 1091; x_wconf 88' lang='lat' dir='ltr'><strong>Invitus</strong></span> <span class='ocrx_word' id='word_1_120' title='bbox 1378 1050 1509 1105; x_wconf 87' lang='lat' dir='ltr'><strong>igitur</strong></span> <span class='ocrx_word' id='word_1_121' title='bbox 1550 1054 1676 1104; x_wconf 86' lang='lat' dir='ltr'><strong>atque</strong></span> <span class='ocrx_word' id='word_1_122' title='bbox 1718 1048 1844 1091; x_wconf 89' lang='lat' dir='ltr'><strong>Lusci</strong></span> 
     </span>
     <span class='ocr_line' id='line_1_17' title="bbox 289 1107 1845 1164; baseline 0.001 -16"><span class='ocrx_word' id='word_1_123' title='bbox 289 1108 489 1148; x_wconf 86' lang='lat' dir='ltr'><strong>conviciis</strong></span> <span class='ocrx_word' id='word_1_124' title='bbox 520 1111 689 1149; x_wconf 87' lang='lat' dir='ltr'><strong>coactus</strong></span> <span class='ocrx_word' id='word_1_125' title='bbox 718 1107 937 1149; x_wconf 86' lang='lat' dir='ltr'><strong>Terentius</strong></span> <span class='ocrx_word' id='word_1_126' title='bbox 962 1107 1149 1149; x_wconf 88' lang='lat' dir='ltr'><strong>Andriae</strong></span> <span class='ocrx_word' id='word_1_127' title='bbox 1175 1108 1398 1163; x_wconf 90' lang='lat' dir='ltr'><strong>prologum</strong></span> <span class='ocrx_word' id='word_1_128' title='bbox 1428 1109 1602 1164; x_wconf 84' lang='lat' dir='ltr'><strong>scripsit.</strong></span> <span class='ocrx_word' id='word_1_129' title='bbox 1652 1107 1845 1163; x_wconf 83' lang='lat' dir='ltr'><strong>Cumque</strong></span> 
     </span>
     <span class='ocr_line' id='line_1_18' title="bbox 288 1166 1843 1222; baseline 0.001 -15"><span class='ocrx_word' id='word_1_130' title='bbox 288 1166 503 1221; x_wconf 87' lang='lat' dir='ltr'><strong>intellegat</strong></span> <span class='ocrx_word' id='word_1_131' title='bbox 533 1179 651 1221; x_wconf 91' lang='lat' dir='ltr'><strong>spem</strong></span> <span class='ocrx_word' id='word_1_132' title='bbox 687 1179 732 1208; x_wconf 89' lang='lat' dir='ltr'><strong>se</strong></span> <span class='ocrx_word' id='word_1_133' title='bbox 768 1166 963 1209; x_wconf 83' lang='lat' dir='ltr'><strong>fefellisse</strong></span> <span class='ocrx_word' id='word_1_134' title='bbox 993 1167 1336 1222; x_wconf 90' lang='lat' dir='ltr'><strong>adversariosque</strong></span> <span class='ocrx_word' id='word_1_135' title='bbox 1372 1166 1453 1209; x_wconf 90' lang='lat' dir='ltr'><strong>sibi</strong></span> <span class='ocrx_word' id='word_1_136' title='bbox 1482 1167 1729 1209; x_wconf 86' lang='lat' dir='ltr'><strong>maledicere</strong></span> <span class='ocrx_word' id='word_1_137' title='bbox 1759 1180 1843 1208; x_wconf 91' lang='lat' dir='ltr'><strong>non</strong></span> 
     </span>
     <span class='ocr_line' id='line_1_19' title="bbox 289 1224 1845 1280; baseline 0.001 -15"><span class='ocrx_word' id='word_1_138' title='bbox 289 1224 496 1266; x_wconf 89' lang='lat' dir='ltr'><strong>desituros</strong></span> <span class='ocrx_word' id='word_1_139' title='bbox 539 1232 655 1278; x_wconf 83' lang='lat' dir='ltr'><strong>esse,</strong></span> <span class='ocrx_word' id='word_1_140' title='bbox 695 1229 860 1279; x_wconf 86' lang='lat' dir='ltr'><strong>poetam</strong></span> <span class='ocrx_word' id='word_1_141' title='bbox 905 1226 1027 1267; x_wconf 87' lang='lat' dir='ltr'><strong>irasci</strong></span> <span class='ocrx_word' id='word_1_142' title='bbox 1077 1227 1173 1279; x_wconf 90' lang='lat' dir='ltr'><strong>quis</strong></span> <span class='ocrx_word' id='word_1_143' title='bbox 1217 1226 1425 1266; x_wconf 83' lang='lat' dir='ltr'><strong>miratur?</strong></span> <span class='ocrx_word' id='word_1_144' title='bbox 1484 1225 1667 1267; x_wconf 91' lang='lat' dir='ltr'><strong>Pluralis</strong></span> <span class='ocrx_word' id='word_1_145' title='bbox 1716 1226 1845 1280; x_wconf 85' lang='lat' dir='ltr'><strong>igitur</strong></span> 
     </span>
     <span class='ocr_line' id='line_1_20' title="bbox 289 1283 1845 1340; baseline 0.001 -15"><span class='ocrx_word' id='word_1_146' title='bbox 289 1297 493 1327; x_wconf 90' lang='lat' dir='ltr'><strong>numerus</strong></span> <span class='ocrx_word' id='word_1_147' title='bbox 524 1283 632 1326; x_wconf 92' lang='lat' dir='ltr'><strong>nulli</strong></span> <span class='ocrx_word' id='word_1_148' title='bbox 663 1283 881 1326; x_wconf 88' lang='lat' dir='ltr'><strong>offensioni</strong></span> <span class='ocrx_word' id='word_1_149' title='bbox 914 1289 993 1338; x_wconf 86' lang='lat' dir='ltr'><strong>est,</strong></span> <span class='ocrx_word' id='word_1_150' title='bbox 1034 1284 1076 1326; x_wconf 92' lang='lat' dir='ltr'><strong>id</strong></span> <span class='ocrx_word' id='word_1_151' title='bbox 1109 1285 1305 1339; x_wconf 80' lang='lat' dir='ltr'><strong>quodne</strong></span> <span class='ocrx_word' id='word_1_152' title='bbox 1336 1285 1395 1326; x_wconf 87' lang='lat' dir='ltr'><strong>eis</strong></span> <span class='ocrx_word' id='word_1_153' title='bbox 1427 1285 1598 1340; x_wconf 90' lang='lat' dir='ltr'><strong>quidem</strong></span> <span class='ocrx_word' id='word_1_154' title='bbox 1629 1284 1845 1338; x_wconf 87' lang='lat' dir='ltr'><strong>refutatur,</strong></span> 
     </span>
     <span class='ocr_line' id='line_1_21' title="bbox 290 1342 1845 1397; baseline 0 -14"><span class='ocrx_word' id='word_1_155' title='bbox 290 1355 399 1397; x_wconf 87' lang='lat' dir='ltr'><strong>quae</strong></span> <span class='ocrx_word' id='word_1_156' title='bbox 445 1342 622 1384; x_wconf 88' lang='lat' dir='ltr'><strong>Karsten</strong></span> <span class='ocrx_word' id='word_1_157' title='bbox 636 1343 685 1392; x_wconf 84' lang='lat'><strong>¹⁶)</strong></span> <span class='ocrx_word' id='word_1_158' title='bbox 736 1343 857 1384; x_wconf 88' lang='lat' dir='ltr'><strong>dicit:</strong></span> <span class='ocrx_word' id='word_1_159' title='bbox 918 1345 1151 1397; x_wconf 88' lang='lat' dir='ltr'><strong>„neminem</strong></span> <span class='ocrx_word' id='word_1_160' title='bbox 1201 1344 1483 1385; x_wconf 90' lang='lat' dir='ltr'><strong>admissurum</strong></span> <span class='ocrx_word' id='word_1_161' title='bbox 1532 1356 1623 1385; x_wconf 86' lang='lat' dir='ltr'><strong>esse</strong></span> <span class='ocrx_word' id='word_1_162' title='bbox 1664 1343 1845 1385; x_wconf 86' lang='lat' dir='ltr'><strong>abusum</strong></span> 
     </span>
     <span class='ocr_line' id='line_1_22' title="bbox 289 1402 1844 1457; baseline 0 -14"><span class='ocrx_word' id='word_1_163' title='bbox 289 1402 455 1444; x_wconf 87' lang='lat' dir='ltr'><strong>numeri</strong></span> <span class='ocrx_word' id='word_1_164' title='bbox 499 1402 676 1457; x_wconf 84' lang='lat' dir='ltr'><strong>pluralis</strong></span> <span class='ocrx_word' id='word_1_165' title='bbox 724 1402 846 1444; x_wconf 90' lang='lat' dir='ltr'><strong>istius</strong></span> <span class='ocrx_word' id='word_1_166' title='bbox 894 1402 1024 1456; x_wconf 90' lang='lat' dir='ltr'><strong>modi,</strong></span> <span class='ocrx_word' id='word_1_167' title='bbox 1074 1405 1122 1444; x_wconf 89' lang='lat' dir='ltr'><strong>ut</strong></span> <span class='ocrx_word' id='word_1_168' title='bbox 1173 1403 1309 1445; x_wconf 90' lang='lat' dir='ltr'><strong>omnis</strong></span> <span class='ocrx_word' id='word_1_169' title='bbox 1358 1402 1528 1444; x_wconf 84' lang='lat' dir='ltr'><strong>tollatur</strong></span> <span class='ocrx_word' id='word_1_170' title='bbox 1572 1414 1844 1444; x_wconf 89' lang='lat' dir='ltr'><strong>numerorum</strong></span> 
     </span>
     <span class='ocr_line' id='line_1_23' title="bbox 289 1459 1845 1510; baseline 0 -9"><span class='ocrx_word' id='word_1_171' title='bbox 289 1461 544 1502; x_wconf 87' lang='lat' dir='ltr'><strong>diversitas.“</strong></span> <span class='ocrx_word' id='word_1_172' title='bbox 606 1460 825 1509; x_wconf 81' lang='lat' dir='ltr'><strong>Quomodo</strong></span> <span class='ocrx_word' id='word_1_173' title='bbox 856 1461 1055 1502; x_wconf 79' lang='lat' dir='ltr'><strong>tollatur?</strong></span> <span class='ocrx_word' id='word_1_174' title='bbox 1118 1459 1223 1510; x_wconf 90' lang='lat' dir='ltr'><strong>Quis</strong></span> <span class='ocrx_word' id='word_1_175' title='bbox 1269 1462 1438 1503; x_wconf 88' lang='lat' dir='ltr'><strong>tandem</strong></span> <span class='ocrx_word' id='word_1_176' title='bbox 1471 1462 1578 1502; x_wconf 83' lang='lat' dir='ltr'><strong>dixit</strong></span> <span class='ocrx_word' id='word_1_177' title='bbox 1620 1474 1845 1502; x_wconf 89' lang='lat' dir='ltr'><strong>numerum</strong></span> 
     </span>
     <span class='ocr_line' id='line_1_24' title="bbox 288 1518 1845 1575; baseline 0.001 -15"><span class='ocrx_word' id='word_1_178' title='bbox 288 1518 495 1574; x_wconf 88' lang='lat' dir='ltr'><strong>pluralem</strong></span> <span class='ocrx_word' id='word_1_179' title='bbox 536 1519 732 1561; x_wconf 86' lang='lat' dir='ltr'><strong>omnibus</strong></span> <span class='ocrx_word' id='word_1_180' title='bbox 774 1519 876 1561; x_wconf 92' lang='lat' dir='ltr'><strong>locis</strong></span> <span class='ocrx_word' id='word_1_181' title='bbox 918 1533 993 1574; x_wconf 88' lang='lat' dir='ltr'><strong>pro</strong></span> <span class='ocrx_word' id='word_1_182' title='bbox 1034 1519 1239 1574; x_wconf 87' lang='lat' dir='ltr'><strong>singulari</strong></span> <span class='ocrx_word' id='word_1_183' title='bbox 1282 1524 1447 1562; x_wconf 83' lang='lat' dir='ltr'><strong>exstare</strong></span> <span class='ocrx_word' id='word_1_184' title='bbox 1481 1519 1634 1575; x_wconf 78' lang='lat' dir='ltr'><strong>posse?</strong></span> <span class='ocrx_word' id='word_1_185' title='bbox 1696 1518 1845 1574; x_wconf 87' lang='lat' dir='ltr'><strong>Neque</strong></span> 
     </span>
     <span class='ocr_line' id='line_1_25' title="bbox 289 1578 1844 1633; baseline 0.001 -14"><span class='ocrx_word' id='word_1_186' title='bbox 289 1591 399 1632; x_wconf 88' lang='lat' dir='ltr'><strong>vero,</strong></span> <span class='ocrx_word' id='word_1_187' title='bbox 431 1579 530 1633; x_wconf 87' lang='lat' dir='ltr'><strong>quia</strong></span> <span class='ocrx_word' id='word_1_188' title='bbox 560 1578 644 1619; x_wconf 89' lang='lat' dir='ltr'><strong>illis</strong></span> <span class='ocrx_word' id='word_1_189' title='bbox 674 1578 789 1632; x_wconf 91' lang='lat' dir='ltr'><strong>locis,</strong></span> <span class='ocrx_word' id='word_1_190' title='bbox 821 1591 927 1633; x_wconf 91' lang='lat' dir='ltr'><strong>quos</strong></span> <span class='ocrx_word' id='word_1_191' title='bbox 958 1579 1023 1619; x_wconf 90' lang='lat' dir='ltr'><strong>vir</strong></span> <span class='ocrx_word' id='word_1_192' title='bbox 1054 1579 1200 1620; x_wconf 87' lang='lat' dir='ltr'><strong>doctus</strong></span> <span class='ocrx_word' id='word_1_193' title='bbox 1231 1578 1413 1632; x_wconf 82' lang='lat' dir='ltr'><strong>affert,²⁷)</strong></span> <span class='ocrx_word' id='word_1_194' title='bbox 1444 1578 1669 1633; x_wconf 87' lang='lat' dir='ltr'><strong>singularis</strong></span> <span class='ocrx_word' id='word_1_195' title='bbox 1700 1590 1844 1620; x_wconf 90' lang='lat' dir='ltr'><strong>nume-</strong></span> 
     </span>
     <span class='ocr_line' id='line_1_26' title="bbox 289 1637 1845 1693; baseline -0.001 -14"><span class='ocrx_word' id='word_1_196' title='bbox 289 1650 363 1679; x_wconf 90' lang='lat' dir='ltr'><strong>rus</strong></span> <span class='ocrx_word' id='word_1_197' title='bbox 402 1637 647 1693; x_wconf 87' lang='lat' dir='ltr'><strong>„prologus“</strong></span> <span class='ocrx_word' id='word_1_198' title='bbox 685 1643 821 1680; x_wconf 83' lang='lat' dir='ltr'><strong>exstat</strong></span> <span class='ocrx_word' id='word_1_199' title='bbox 856 1638 985 1692; x_wconf 90' lang='lat' dir='ltr'><strong>idque</strong></span> <span class='ocrx_word' id='word_1_200' title='bbox 1016 1651 1093 1679; x_wconf 91' lang='lat' dir='ltr'><strong>suo</strong></span> <span class='ocrx_word' id='word_1_201' title='bbox 1124 1638 1234 1692; x_wconf 90' lang='lat' dir='ltr'><strong>loco,</strong></span> <span class='ocrx_word' id='word_1_202' title='bbox 1269 1638 1425 1679; x_wconf 90' lang='lat' dir='ltr'><strong>idcirco</strong></span> <span class='ocrx_word' id='word_1_203' title='bbox 1456 1638 1681 1693; x_wconf 87' lang='lat' dir='ltr'><strong>singularis</strong></span> <span class='ocrx_word' id='word_1_204' title='bbox 1712 1638 1845 1679; x_wconf 90' lang='lat' dir='ltr'><strong>omni-</strong></span> 
     </span>
     <span class='ocr_line' id='line_1_27' title="bbox 289 1696 857 1750; baseline 0.002 -14"><span class='ocrx_word' id='word_1_205' title='bbox 289 1696 369 1737; x_wconf 92' lang='lat' dir='ltr'><strong>bus</strong></span> <span class='ocrx_word' id='word_1_206' title='bbox 400 1697 503 1737; x_wconf 89' lang='lat' dir='ltr'><strong>locis</strong></span> <span class='ocrx_word' id='word_1_207' title='bbox 534 1697 754 1750; x_wconf 88' lang='lat' dir='ltr'><strong>ponendus</strong></span> <span class='ocrx_word' id='word_1_208' title='bbox 785 1700 857 1738; x_wconf 89' lang='lat' dir='ltr'><strong>est.</strong></span> 
     </span>
    </p>

    <p class='ocr_par' dir='ltr' id='par_1_4' title="bbox 287 1753 1847 2222">
     <span class='ocr_line' id='line_1_28' title="bbox 409 1753 1846 1810; baseline 0 -15"><span class='ocrx_word' id='word_1_209' title='bbox 409 1756 448 1797; x_wconf 80' lang='lat'><strong>2.</strong></span> <span class='ocrx_word' id='word_1_210' title='bbox 509 1753 622 1804; x_wconf 86' lang='lat' dir='ltr'><strong>Quin</strong></span> <span class='ocrx_word' id='word_1_211' title='bbox 666 1767 720 1796; x_wconf 90' lang='lat' dir='ltr'><strong>ne</strong></span> <span class='ocrx_word' id='word_1_212' title='bbox 764 1755 868 1796; x_wconf 92' lang='lat' dir='ltr'><strong>illud</strong></span> <span class='ocrx_word' id='word_1_213' title='bbox 917 1755 1087 1810; x_wconf 89' lang='lat' dir='ltr'><strong>quidem</strong></span> <span class='ocrx_word' id='word_1_214' title='bbox 1129 1755 1301 1809; x_wconf 86' lang='lat' dir='ltr'><strong>cogitari</strong></span> <span class='ocrx_word' id='word_1_215' title='bbox 1344 1758 1479 1810; x_wconf 91' lang='lat' dir='ltr'><strong>potest</strong></span> <span class='ocrx_word' id='word_1_216' title='bbox 1521 1755 1651 1797; x_wconf 89' lang='lat' dir='ltr'><strong>ullam</strong></span> <span class='ocrx_word' id='word_1_217' title='bbox 1681 1754 1846 1797; x_wconf 88' lang='lat' dir='ltr'><strong>Terenti</strong></span> 
     </span>
     <span class='ocr_line' id='line_1_29' title="bbox 288 1814 1845 1868; baseline 0.001 -14"><span class='ocrx_word' id='word_1_218' title='bbox 288 1814 475 1855; x_wconf 84' lang='lat' dir='ltr'><strong>fabulam</strong></span> <span class='ocrx_word' id='word_1_219' title='bbox 506 1818 603 1855; x_wconf 88' lang='lat' dir='ltr'><strong>ante</strong></span> <span class='ocrx_word' id='word_1_220' title='bbox 634 1815 820 1855; x_wconf 87' lang='lat' dir='ltr'><strong>Andriae</strong></span> <span class='ocrx_word' id='word_1_221' title='bbox 850 1816 1068 1868; x_wconf 89' lang='lat' dir='ltr'><strong>prologum</strong></span> <span class='ocrx_word' id='word_1_222' title='bbox 1100 1820 1232 1855; x_wconf 88' lang='lat' dir='ltr'><strong>actam</strong></span> <span class='ocrx_word' id='word_1_223' title='bbox 1265 1827 1366 1856; x_wconf 85' lang='lat' dir='ltr'><strong>esse.</strong></span> <span class='ocrx_word' id='word_1_224' title='bbox 1429 1814 1537 1855; x_wconf 87' lang='lat' dir='ltr'><strong>Cum</strong></span> <span class='ocrx_word' id='word_1_225' title='bbox 1567 1816 1678 1856; x_wconf 91' lang='lat' dir='ltr'><strong>enim</strong></span> <span class='ocrx_word' id='word_1_226' title='bbox 1712 1815 1845 1855; x_wconf 92' lang='lat' dir='ltr'><strong>omni-</strong></span> 
     </span>
     <span class='ocr_line' id='line_1_30' title="bbox 289 1872 1845 1927; baseline 0.001 -15"><span class='ocrx_word' id='word_1_227' title='bbox 289 1885 363 1912; x_wconf 90' lang='lat' dir='ltr'><strong>um</strong></span> <span class='ocrx_word' id='word_1_228' title='bbox 393 1872 632 1913; x_wconf 87' lang='lat' dir='ltr'><strong>fabularum</strong></span> <span class='ocrx_word' id='word_1_229' title='bbox 665 1872 830 1925; x_wconf 83' lang='lat' dir='ltr'><strong>Hecyra</strong></span> <span class='ocrx_word' id='word_1_230' title='bbox 861 1877 1033 1927; x_wconf 85' lang='lat' dir='ltr'><strong>excepta</strong></span> <span class='ocrx_word' id='word_1_231' title='bbox 1065 1885 1135 1913; x_wconf 92' lang='lat' dir='ltr'><strong>eos</strong></span> <span class='ocrx_word' id='word_1_232' title='bbox 1175 1873 1368 1927; x_wconf 89' lang='lat' dir='ltr'><strong>prologos</strong></span> <span class='ocrx_word' id='word_1_233' title='bbox 1399 1872 1640 1925; x_wconf 89' lang='lat' dir='ltr'><strong>habeamus,</strong></span> <span class='ocrx_word' id='word_1_234' title='bbox 1683 1873 1757 1926; x_wconf 92' lang='lat' dir='ltr'><strong>qui</strong></span> <span class='ocrx_word' id='word_1_235' title='bbox 1792 1873 1845 1913; x_wconf 89' lang='lat' dir='ltr'><strong>ad</strong></span> 
     </span>
     <span class='ocr_line' id='line_1_31' title="bbox 287 1930 1845 1987; baseline 0.001 -16"><span class='ocrx_word' id='word_1_236' title='bbox 287 1932 445 1985; x_wconf 90' lang='lat' dir='ltr'><strong>primas</strong></span> <span class='ocrx_word' id='word_1_237' title='bbox 475 1931 627 1972; x_wconf 89' lang='lat' dir='ltr'><strong>harum</strong></span> <span class='ocrx_word' id='word_1_238' title='bbox 656 1930 895 1972; x_wconf 85' lang='lat' dir='ltr'><strong>fabularum</strong></span> <span class='ocrx_word' id='word_1_239' title='bbox 926 1932 1111 1973; x_wconf 86' lang='lat' dir='ltr'><strong>actiones</strong></span> <span class='ocrx_word' id='word_1_240' title='bbox 1141 1935 1347 1986; x_wconf 90' lang='lat' dir='ltr'><strong>spectant,</strong></span> <span class='ocrx_word' id='word_1_241' title='bbox 1389 1944 1571 1987; x_wconf 90' lang='lat' dir='ltr'><strong>cumque</strong></span> <span class='ocrx_word' id='word_1_242' title='bbox 1613 1931 1656 1971; x_wconf 90' lang='lat' dir='ltr'><strong>hi</strong></span> <span class='ocrx_word' id='word_1_243' title='bbox 1700 1943 1845 1972; x_wconf 90' lang='lat' dir='ltr'><strong>omnes</strong></span> 
     </span>
     <span class='ocr_line' id='line_1_32' title="bbox 288 1990 1846 2045; baseline 0 -14"><span class='ocrx_word' id='word_1_244' title='bbox 288 1991 448 2044; x_wconf 88' lang='lat' dir='ltr'><strong>prologi</strong></span> <span class='ocrx_word' id='word_1_245' title='bbox 464 1994 559 2044; x_wconf 91' lang='lat' dir='ltr'><strong>post</strong></span> <span class='ocrx_word' id='word_1_246' title='bbox 584 1991 768 2031; x_wconf 84' lang='lat' dir='ltr'><strong>Andriae</strong></span> <span class='ocrx_word' id='word_1_247' title='bbox 789 1990 1006 2044; x_wconf 90' lang='lat' dir='ltr'><strong>prologum</strong></span> <span class='ocrx_word' id='word_1_248' title='bbox 1034 1991 1250 2045; x_wconf 88' lang='lat' dir='ltr'><strong>compositi</strong></span> <span class='ocrx_word' id='word_1_249' title='bbox 1275 1991 1371 2043; x_wconf 90' lang='lat' dir='ltr'><strong>sint,</strong></span> <span class='ocrx_word' id='word_1_250' title='bbox 1404 1992 1606 2044; x_wconf 90' lang='lat' dir='ltr'><strong>sequitur,</strong></span> <span class='ocrx_word' id='word_1_251' title='bbox 1630 1995 1677 2031; x_wconf 90' lang='grc' dir='ltr'><strong>ιιι</strong></span> <span class='ocrx_word' id='word_1_252' title='bbox 1701 2002 1846 2031; x_wconf 89' lang='lat' dir='ltr'><strong>omnes</strong></span> 
     </span>
     <span class='ocr_line' id='line_1_33' title="bbox 289 2048 1843 2104; baseline -0.001 -14"><span class='ocrx_word' id='word_1_253' title='bbox 289 2053 451 2091; x_wconf 90' lang='lat' dir='ltr'><strong>ceterae</strong></span> <span class='ocrx_word' id='word_1_254' title='bbox 481 2048 647 2091; x_wconf 87' lang='lat' dir='ltr'><strong>Terenti</strong></span> <span class='ocrx_word' id='word_1_255' title='bbox 677 2048 844 2090; x_wconf 89' lang='lat' dir='ltr'><strong>fabulae</strong></span> <span class='ocrx_word' id='word_1_256' title='bbox 874 2051 969 2104; x_wconf 93' lang='lat' dir='ltr'><strong>post</strong></span> <span class='ocrx_word' id='word_1_257' title='bbox 998 2061 1088 2090; x_wconf 90' lang='lat' dir='ltr'><strong>eam</strong></span> <span class='ocrx_word' id='word_1_258' title='bbox 1125 2049 1310 2091; x_wconf 87' lang='lat' dir='ltr'><strong>Andriae</strong></span> <span class='ocrx_word' id='word_1_259' title='bbox 1353 2051 1578 2102; x_wconf 88' lang='lat' dir='ltr'><strong>actionem,</strong></span> <span class='ocrx_word' id='word_1_260' title='bbox 1620 2048 1673 2090; x_wconf 90' lang='lat' dir='ltr'><strong>ad</strong></span> <span class='ocrx_word' id='word_1_261' title='bbox 1718 2061 1843 2104; x_wconf 89' lang='lat' dir='ltr'><strong>quam</strong></span> 
     </span>
     <span class='ocr_line' id='line_1_34' title="bbox 289 2108 1843 2163; baseline 0 -14"><span class='ocrx_word' id='word_1_262' title='bbox 289 2109 486 2163; x_wconf 88' lang='lat' dir='ltr'><strong>prologus</strong></span> <span class='ocrx_word' id='word_1_263' title='bbox 537 2110 734 2163; x_wconf 86' lang='lat' dir='ltr'><strong>pertinet,</strong></span> <span class='ocrx_word' id='word_1_264' title='bbox 779 2113 894 2150; x_wconf 88' lang='lat' dir='ltr'><strong>actae</strong></span> <span class='ocrx_word' id='word_1_265' title='bbox 937 2109 1031 2149; x_wconf 91' lang='lat' dir='ltr'><strong>sint.</strong></span> <span class='ocrx_word' id='word_1_266' title='bbox 1106 2108 1170 2150; x_wconf 89' lang='lat' dir='ltr'><strong>Ne</strong></span> <span class='ocrx_word' id='word_1_267' title='bbox 1212 2108 1405 2161; x_wconf 87' lang='lat' dir='ltr'><strong>Hecyrae</strong></span> <span class='ocrx_word' id='word_1_268' title='bbox 1454 2108 1623 2163; x_wconf 91' lang='lat' dir='ltr'><strong>quidem</strong></span> <span class='ocrx_word' id='word_1_269' title='bbox 1669 2109 1843 2162; x_wconf 88' lang='lat' dir='ltr'><strong>primam</strong></span> 
     </span>
     <span class='ocr_line' id='line_1_35' title="bbox 290 2166 1847 2222; baseline 0 -15"><span class='ocrx_word' id='word_1_270' title='bbox 290 2168 494 2208; x_wconf 88' lang='lat' dir='ltr'><strong>actionem</strong></span> <span class='ocrx_word' id='word_1_271' title='bbox 542 2172 639 2209; x_wconf 91' lang='lat' dir='ltr'><strong>ante</strong></span> <span class='ocrx_word' id='word_1_272' title='bbox 679 2168 787 2208; x_wconf 91' lang='lat' dir='ltr'><strong>hanc</strong></span> <span class='ocrx_word' id='word_1_273' title='bbox 826 2167 1014 2208; x_wconf 88' lang='lat' dir='ltr'><strong>Andriae</strong></span> <span class='ocrx_word' id='word_1_274' title='bbox 1057 2168 1262 2208; x_wconf 87' lang='lat' dir='ltr'><strong>actionem</strong></span> <span class='ocrx_word' id='word_1_275' title='bbox 1306 2167 1456 2208; x_wconf 90' lang='lat' dir='ltr'><strong>factam</strong></span> <span class='ocrx_word' id='word_1_276' title='bbox 1499 2179 1590 2208; x_wconf 89' lang='lat' dir='ltr'><strong>esse</strong></span> <span class='ocrx_word' id='word_1_277' title='bbox 1632 2166 1847 2222; x_wconf 90' lang='lat' dir='ltr'><strong>probabile</strong></span> 
     </span>
    </p>
   </div>
   <div class='ocr_carea' id='block_1_3' title="bbox 360 2252 572 2255">
    <p class='ocr_par' dir='ltr' id='par_1_5' title="bbox 360 2252 572 2255">
     <span class='ocr_line' id='line_1_36' title="bbox 360 2252 572 2255; baseline 0 0"><span class='ocrx_word' id='word_1_278' title='bbox 360 2252 572 2255; x_wconf 95' lang='lat' dir='ltr'><strong> </strong></span> 
     </span>
    </p>
   </div>
   <div class='ocr_carea' id='block_1_4' title="bbox 288 2259 1846 2517">
    <p class='ocr_par' dir='ltr' id='par_1_6' title="bbox 288 2259 1846 2517">
     <span class='ocr_line' id='line_1_37' title="bbox 411 2259 1845 2327; baseline 0 -10"><span class='ocrx_word' id='word_1_279' title='bbox 411 2282 452 2326; x_wconf 78' lang='lat'><strong>¹²)</strong></span> <span class='ocrx_word' id='word_1_280' title='bbox 477 2283 619 2318; x_wconf 82' lang='lat' dir='ltr'><strong>Benfeii</strong></span> <span class='ocrx_word' id='word_1_281' title='bbox 644 2283 858 2318; x_wconf 89' lang='lat' dir='ltr'><strong>sententiam</strong></span> <span class='ocrx_word' id='word_1_282' title='bbox 884 2283 1033 2327; x_wconf 89' lang='lat' dir='ltr'><strong>cognovi</strong></span> <span class='ocrx_word' id='word_1_283' title='bbox 1059 2293 1104 2317; x_wconf 86' lang='lat' dir='ltr'><strong>ex</strong></span> <span class='ocrx_word' id='word_1_284' title='bbox 1129 2283 1300 2327; x_wconf 76' lang='lat' dir='ltr'><strong>Wagner-i</strong></span> <span class='ocrx_word' id='word_1_285' title='bbox 1331 2259 1642 2319; x_wconf 84' lang='lat' dir='ltr'><strong>commentatione:</strong></span> <span class='ocrx_word' id='word_1_286' title='bbox 1680 2283 1745 2327; x_wconf 91' lang='lat' dir='ltr'><strong>,De</strong></span> <span class='ocrx_word' id='word_1_287' title='bbox 1773 2285 1845 2317; x_wconf 84' lang='lat' dir='ltr'><strong>An-</strong></span> 
     </span>
     <span class='ocr_line' id='line_1_38' title="bbox 411 2329 1845 2420; baseline -0.001 -8.078"><span class='ocrx_word' id='word_1_288' title='bbox 411 2329 1600 2420; x_wconf 50' lang='lat' dir='ltr'><strong>?r0ffi÷3;.&lt;ss5..20asss¹¹·..r322333522·.2.1.05t51013313.1f.2·</strong></span> <span class='ocrx_word' id='word_1_289' title='bbox 1823 2377 1845 2411; x_wconf 76' lang='lat'><strong>2</strong></span> 
     </span>
     <span class='ocr_line' id='line_1_39' title="bbox 289 2377 1846 2471; baseline 0.001 -12"><span class='ocrx_word' id='word_1_290' title='bbox 289 2437 322 2459; x_wconf 92' lang='lat' dir='ltr'><strong>n.</strong></span> <span class='ocrx_word' id='word_1_291' title='bbox 353 2426 386 2470; x_wconf 88' lang='lat'><strong>1)</strong></span> <span class='ocrx_word' id='word_1_292' title='bbox 413 2377 586 2469; x_wconf 50' lang='lat' dir='ltr'><strong>pgiuralem</strong></span> <span class='ocrx_word' id='word_1_293' title='bbox 612 2388 667 2468; x_wconf 57' lang='lat' dir='ltr'><strong>,Ed</strong></span> <span class='ocrx_word' id='word_1_294' title='bbox 693 2423 969 2469; x_wconf 85' lang='lat' dir='ltr'><strong>superlationem</strong></span> <span class='ocrx_word' id='word_1_295' title='bbox 994 2425 1167 2470; x_wconf 85' lang='lat' dir='ltr'><strong>quandam</strong></span> <span class='ocrx_word' id='word_1_296' title='bbox 1186 2425 1344 2461; x_wconf 86' lang='lat' dir='ltr'><strong>veritatis</strong></span> <span class='ocrx_word' id='word_1_297' title='bbox 1360 2404 1397 2460; x_wconf 72' lang='lat' dir='ltr'><strong>in</strong></span> <span class='ocrx_word' id='word_1_298' title='bbox 1405 2389 1539 2470; x_wconf 44' lang='lat' dir='ltr'><strong>{novis</strong></span> <span class='ocrx_word' id='word_1_299' title='bbox 1554 2406 1694 2460; x_wconf 77' lang='lat' dir='ltr'><strong>dicendi</strong></span> <span class='ocrx_word' id='word_1_300' title='bbox 1705 2389 1846 2471; x_wconf 51' lang='lat' dir='ltr'><strong>{egere</strong></span> 
     </span>
     <span class='ocr_line' id='line_1_40' title="bbox 288 2471 1337 2517; baseline 0 -10"><span class='ocrx_word' id='word_1_301' title='bbox 288 2473 521 2507; x_wconf 80' lang='lat' dir='ltr'><strong>tritissimam‘</strong></span> <span class='ocrx_word' id='word_1_302' title='bbox 547 2473 671 2507; x_wconf 80' lang='lat' dir='ltr'><strong>refert.</strong></span> <span class='ocrx_word' id='word_1_303' title='bbox 699 2491 742 2496; x_wconf 92' lang='lat'>—</span> <span class='ocrx_word' id='word_1_304' title='bbox 769 2472 815 2506; x_wconf 82' lang='lat' dir='ltr'><strong>cf.</strong></span> <span class='ocrx_word' id='word_1_305' title='bbox 842 2471 1100 2507; x_wconf 86' lang='lat' dir='ltr'><strong>Paeckelmann</strong></span> <span class='ocrx_word' id='word_1_306' title='bbox 1124 2472 1146 2507; x_wconf 96' lang='lat'><strong>1.</strong></span> <span class='ocrx_word' id='word_1_307' title='bbox 1173 2472 1196 2508; x_wconf 90' lang='lat' dir='ltr'><strong>l.</strong></span> <span class='ocrx_word' id='word_1_308' title='bbox 1221 2484 1254 2517; x_wconf 91' lang='lat' dir='ltr'><strong>p.</strong></span> <span class='ocrx_word' id='word_1_309' title='bbox 1283 2472 1337 2507; x_wconf 88' lang='grc'><strong>12.</strong></span> 
     </span>
    </p>
   </div>
   <div class='ocr_carea' id='block_1_5' title="bbox 290 2519 1848 2660">
    <p class='ocr_par' dir='ltr' id='par_1_7' title="bbox 290 2519 1848 2660">
     <span class='ocr_line' id='line_1_41' title="bbox 413 2519 1846 2565; baseline -0.001 -11"><span class='ocrx_word' id='word_1_310' title='bbox 413 2520 451 2562; x_wconf 85' lang='lat'><strong>¹⁴)</strong></span> <span class='ocrx_word' id='word_1_311' title='bbox 477 2520 523 2555; x_wconf 80' lang='lat' dir='ltr'><strong>cf.</strong></span> <span class='ocrx_word' id='word_1_312' title='bbox 538 2530 647 2564; x_wconf 87' lang='lat' dir='ltr'><strong>supra</strong></span> <span class='ocrx_word' id='word_1_313' title='bbox 658 2530 691 2564; x_wconf 91' lang='lat' dir='ltr'><strong>p.</strong></span> <span class='ocrx_word' id='word_1_314' title='bbox 709 2519 753 2554; x_wconf 91' lang='lat'><strong>10</strong></span> <span class='ocrx_word' id='word_1_315' title='bbox 766 2519 844 2554; x_wconf 85' lang='lat' dir='ltr'><strong>adn.</strong></span> <span class='ocrx_word' id='word_1_316' title='bbox 861 2519 915 2554; x_wconf 90' lang='lat'><strong>18.</strong></span> <span class='ocrx_word' id='word_1_317' title='bbox 943 2540 987 2547; x_wconf 88' lang='lat'><em>—</em></span> <span class='ocrx_word' id='word_1_318' title='bbox 1016 2519 1057 2563; x_wconf 78' lang='lat'><strong>¹⁵)</strong></span> <span class='ocrx_word' id='word_1_319' title='bbox 1072 2520 1118 2555; x_wconf 86' lang='lat' dir='ltr'><strong>cf.</strong></span> <span class='ocrx_word' id='word_1_320' title='bbox 1133 2520 1228 2555; x_wconf 86' lang='lat' dir='ltr'><strong>infra</strong></span> <span class='ocrx_word' id='word_1_321' title='bbox 1243 2531 1276 2565; x_wconf 95' lang='lat' dir='ltr'><strong>p.</strong></span> <span class='ocrx_word' id='word_1_322' title='bbox 1292 2521 1337 2555; x_wconf 88' lang='lat'><strong>53</strong></span> <span class='ocrx_word' id='word_1_323' title='bbox 1354 2530 1406 2565; x_wconf 88' lang='lat' dir='ltr'><strong>sq.</strong></span> <span class='ocrx_word' id='word_1_324' title='bbox 1425 2521 1463 2555; x_wconf 89' lang='lat' dir='ltr'><strong>et</strong></span> <span class='ocrx_word' id='word_1_325' title='bbox 1478 2522 1566 2565; x_wconf 88' lang='lat' dir='ltr'><strong>part.</strong></span> <span class='ocrx_word' id='word_1_326' title='bbox 1581 2520 1618 2555; x_wconf 87' lang='lat'><strong>11</strong></span> <span class='ocrx_word' id='word_1_327' title='bbox 1635 2530 1709 2564; x_wconf 85' lang='lat' dir='ltr'><strong>cap.</strong></span> <span class='ocrx_word' id='word_1_328' title='bbox 1723 2520 1741 2554; x_wconf 93' lang='lat' dir='ltr'>I</span> <span class='ocrx_word' id='word_1_329' title='bbox 1755 2520 1846 2554; x_wconf 82' lang='lat' dir='ltr'><strong>extr.</strong></span> 
     </span>
     <span class='ocr_line' id='line_1_42' title="bbox 410 2566 1848 2612; baseline -0.001 -10"><span class='ocrx_word' id='word_1_330' title='bbox 410 2567 451 2612; x_wconf 75' lang='lat'><strong>¹⁶)</strong></span> <span class='ocrx_word' id='word_1_331' title='bbox 476 2567 499 2602; x_wconf 95' lang='lat' dir='ltr'><strong>l.</strong></span> <span class='ocrx_word' id='word_1_332' title='bbox 526 2577 554 2602; x_wconf 91' lang='lat' dir='ltr'><strong>s.</strong></span> <span class='ocrx_word' id='word_1_333' title='bbox 580 2577 608 2602; x_wconf 92' lang='lat' dir='ltr'><strong>s.</strong></span> <span class='ocrx_word' id='word_1_334' title='bbox 635 2578 669 2611; x_wconf 89' lang='lat' dir='ltr'><strong>p.</strong></span> <span class='ocrx_word' id='word_1_335' title='bbox 697 2566 776 2601; x_wconf 82' lang='lat'><strong>187.</strong></span> <span class='ocrx_word' id='word_1_336' title='bbox 803 2587 848 2591; x_wconf 96' lang='lat'>—</span> <span class='ocrx_word' id='word_1_337' title='bbox 874 2566 1005 2602; x_wconf 89' lang='lat' dir='ltr'><strong>Contra</strong></span> <span class='ocrx_word' id='word_1_338' title='bbox 1027 2566 1104 2602; x_wconf 90' lang='lat' dir='ltr'><strong>viro</strong></span> <span class='ocrx_word' id='word_1_339' title='bbox 1128 2568 1230 2603; x_wconf 91' lang='lat' dir='ltr'><strong>docto</strong></span> <span class='ocrx_word' id='word_1_340' title='bbox 1255 2567 1410 2603; x_wconf 88' lang='lat' dir='ltr'><strong>concedo</strong></span> <span class='ocrx_word' id='word_1_341' title='bbox 1435 2578 1487 2610; x_wconf 88' lang='lat' dir='ltr'><strong>ea,</strong></span> <span class='ocrx_word' id='word_1_342' title='bbox 1513 2577 1604 2612; x_wconf 88' lang='lat' dir='ltr'><strong>quae</strong></span> <span class='ocrx_word' id='word_1_343' title='bbox 1620 2566 1793 2602; x_wconf 83' lang='lat' dir='ltr'><strong>Benfeius</strong></span> <span class='ocrx_word' id='word_1_344' title='bbox 1811 2568 1848 2601; x_wconf 90' lang='lat' dir='ltr'><strong>et</strong></span> 
     </span>
     <span class='ocr_line' id='line_1_43' title="bbox 290 2612 1846 2660; baseline -0.001 -11"><span class='ocrx_word' id='word_1_345' title='bbox 290 2615 330 2649; x_wconf 91' lang='lat' dir='ltr'><strong>O.</strong></span> <span class='ocrx_word' id='word_1_346' title='bbox 364 2614 614 2660; x_wconf 88' lang='lat' dir='ltr'><strong>Brugmannus</strong></span> <span class='ocrx_word' id='word_1_347' title='bbox 647 2613 670 2648; x_wconf 93' lang='lat' dir='ltr'><strong>l.</strong></span> <span class='ocrx_word' id='word_1_348' title='bbox 708 2624 735 2648; x_wconf 89' lang='lat' dir='ltr'><strong>s.</strong></span> <span class='ocrx_word' id='word_1_349' title='bbox 774 2622 802 2648; x_wconf 88' lang='lat' dir='ltr'><strong>s.</strong></span> <span class='ocrx_word' id='word_1_350' title='bbox 841 2615 1027 2658; x_wconf 86' lang='lat' dir='ltr'><strong>praeterea</strong></span> <span class='ocrx_word' id='word_1_351' title='bbox 1062 2614 1238 2656; x_wconf 82' lang='lat' dir='ltr'><strong>afferunt,</strong></span> <span class='ocrx_word' id='word_1_352' title='bbox 1275 2614 1362 2649; x_wconf 92' lang='lat' dir='ltr'><strong>nihil</strong></span> <span class='ocrx_word' id='word_1_353' title='bbox 1399 2613 1529 2650; x_wconf 84' lang='lat' dir='ltr'><strong>valere.</strong></span> <span class='ocrx_word' id='word_1_354' title='bbox 1572 2634 1615 2639; x_wconf 89' lang='lat'>—</span> <span class='ocrx_word' id='word_1_355' title='bbox 1654 2613 1701 2648; x_wconf 84' lang='lat' dir='ltr'><strong>cf.</strong></span> <span class='ocrx_word' id='word_1_356' title='bbox 1740 2612 1846 2648; x_wconf 85' lang='lat' dir='ltr'><strong>etiam</strong></span> 
     </span>
    </p>
   </div>
   <div class='ocr_carea' id='block_1_6' title="bbox 288 2661 1652 2756">
    <p class='ocr_par' dir='ltr' id='par_1_8' title="bbox 288 2661 1652 2756">
     <span class='ocr_line' id='line_1_44' title="bbox 288 2661 681 2698; baseline 0 -2"><span class='ocrx_word' id='word_1_357' title='bbox 288 2662 345 2697; x_wconf 83' lang='lat' dir='ltr'><strong>Fr.</strong></span> <span class='ocrx_word' id='word_1_358' title='bbox 372 2661 522 2698; x_wconf 82' lang='lat' dir='ltr'><strong>Schoell.</strong></span> <span class='ocrx_word' id='word_1_359' title='bbox 549 2661 571 2698; x_wconf 92' lang='lat' dir='ltr'><strong>l.</strong></span> <span class='ocrx_word' id='word_1_360' title='bbox 598 2672 625 2697; x_wconf 94' lang='lat' dir='ltr'><strong>s.</strong></span> <span class='ocrx_word' id='word_1_361' title='bbox 653 2672 681 2696; x_wconf 90' lang='lat' dir='ltr'><strong>s.</strong></span> 
     </span>
     <span class='ocr_line' id='line_1_45' title="bbox 412 2708 1652 2756; baseline -0.001 -10"><span class='ocrx_word' id='word_1_362' title='bbox 412 2710 454 2755; x_wconf 84' lang='lat'><strong>¹⁷)</strong></span> <span class='ocrx_word' id='word_1_363' title='bbox 478 2710 607 2746; x_wconf 87' lang='lat' dir='ltr'><strong>Heaut.</strong></span> <span class='ocrx_word' id='word_1_364' title='bbox 634 2708 722 2756; x_wconf 90' lang='lat' dir='ltr'><strong>prol.</strong></span> <span class='ocrx_word' id='word_1_365' title='bbox 749 2720 781 2743; x_wconf 90' lang='lat' dir='ltr'><strong>v.</strong></span> <span class='ocrx_word' id='word_1_366' title='bbox 812 2710 865 2745; x_wconf 85' lang='grc'><strong>11.</strong></span> <span class='ocrx_word' id='word_1_367' title='bbox 894 2729 935 2733; x_wconf 95' lang='grc'><strong>-</strong></span> <span class='ocrx_word' id='word_1_368' title='bbox 962 2709 1050 2745; x_wconf 89' lang='lat' dir='ltr'><strong>Hec.</strong></span> <span class='ocrx_word' id='word_1_369' title='bbox 1077 2721 1109 2746; x_wconf 86' lang='lat' dir='ltr'><strong>v.</strong></span> <span class='ocrx_word' id='word_1_370' title='bbox 1138 2711 1192 2745; x_wconf 90' lang='lat'><strong>11.</strong></span> <span class='ocrx_word' id='word_1_371' title='bbox 1220 2730 1263 2735; x_wconf 98' lang='lat'><strong>—</strong></span> <span class='ocrx_word' id='word_1_372' title='bbox 1289 2709 1431 2746; x_wconf 88' lang='lat' dir='ltr'><strong>Phorm.</strong></span> <span class='ocrx_word' id='word_1_373' title='bbox 1458 2720 1491 2745; x_wconf 90' lang='lat' dir='ltr'><strong>v.</strong></span> <span class='ocrx_word' id='word_1_374' title='bbox 1520 2710 1573 2745; x_wconf 88' lang='lat'><strong>13.</strong></span> <span class='ocrx_word' id='word_1_375' title='bbox 1600 2719 1652 2756; x_wconf 79' lang='lat' dir='ltr'><strong>sq.</strong></span> 
     </span>
    </p>
   </div>
  </div>
 </body>
</html>
