<?xml version="1.0" encoding="UTF-8"?>
<!DOCTYPE html PUBLIC "-//W3C//DTD XHTML 1.0 Transitional//EN"
    "http://www.w3.org/TR/xhtml1/DTD/xhtml1-transitional.dtd">
<html xmlns="http://www.w3.org/1999/xhtml" xml:lang="en" lang="en">
 <head>
  <title>
</title>
<meta http-equiv="Content-Type" content="text/html;charset=utf-8" />
  <meta name='ocr-system' content='tesseract 3.04.00' />
  <meta name='ocr-capabilities' content='ocr_page ocr_carea ocr_par ocr_line ocrx_word'/>
</head>
<body>
  <div class='ocr_page' id='page_1' title='image "4626077_0041.png"; bbox 0 0 2067 3311; ppageno 0'>
   <div class='ocr_carea' id='block_1_1' title="bbox 881 123 1170 162">
    <p class='ocr_par' dir='ltr' id='par_1_1' title="bbox 881 123 1170 162">
     <span class='ocr_line' id='line_1_1' title="bbox 881 123 1170 162; baseline -0.007 -9"><span class='ocrx_word' id='word_1_1' title='bbox 881 123 1170 162; x_wconf 74' lang='lat'><strong>-35-</strong></span> 
     </span>
    </p>
   </div>
   <div class='ocr_carea' id='block_1_2' title="bbox 248 238 1802 1114">
    <p class='ocr_par' dir='ltr' id='par_1_2' title="bbox 250 238 1802 528">
     <span class='ocr_line' id='line_1_2' title="bbox 253 238 1800 294; baseline -0.001 -15"><span class='ocrx_word' id='word_1_2' title='bbox 253 239 350 280; x_wconf 86' lang='lat' dir='ltr'><strong>ferri</strong></span> <span class='ocrx_word' id='word_1_3' title='bbox 381 244 566 294; x_wconf 89' lang='lat' dir='ltr'><strong>possunt.</strong></span> <span class='ocrx_word' id='word_1_4' title='bbox 629 240 740 281; x_wconf 84' lang='lat' dir='ltr'><strong>Huic</strong></span> <span class='ocrx_word' id='word_1_5' title='bbox 770 243 911 280; x_wconf 88' lang='lat' dir='ltr'><strong>autem</strong></span> <span class='ocrx_word' id='word_1_6' title='bbox 949 239 1198 290; x_wconf 86' lang='lat' dir='ltr'><strong>sententiae,</strong></span> <span class='ocrx_word' id='word_1_7' title='bbox 1230 251 1315 292; x_wconf 84' lang='lat' dir='ltr'><strong>qua</strong></span> <span class='ocrx_word' id='word_1_8' title='bbox 1352 238 1524 293; x_wconf 86' lang='lat' dir='ltr'><strong>probata</strong></span> <span class='ocrx_word' id='word_1_9' title='bbox 1553 238 1800 280; x_wconf 86' lang='lat' dir='ltr'><strong>Heautonti-</strong></span> 
     </span>
     <span class='ocr_line' id='line_1_3' title="bbox 250 296 1802 354; baseline -0.001 -16"><span class='ocrx_word' id='word_1_10' title='bbox 250 310 519 340; x_wconf 88' lang='lat' dir='ltr'><strong>morumenos</strong></span> <span class='ocrx_word' id='word_1_11' title='bbox 550 300 777 354; x_wconf 88' lang='lat' dir='ltr'><strong>quominus</strong></span> <span class='ocrx_word' id='word_1_12' title='bbox 807 299 929 339; x_wconf 85' lang='lat' dir='ltr'><strong>tertia</strong></span> <span class='ocrx_word' id='word_1_13' title='bbox 956 296 1121 338; x_wconf 85' lang='lat' dir='ltr'><strong>Terenti</strong></span> <span class='ocrx_word' id='word_1_14' title='bbox 1151 296 1293 338; x_wconf 83' lang='lat' dir='ltr'><strong>fabula</strong></span> <span class='ocrx_word' id='word_1_15' title='bbox 1322 296 1512 339; x_wconf 87' lang='lat' dir='ltr'><strong>habenda</strong></span> <span class='ocrx_word' id='word_1_16' title='bbox 1541 299 1607 350; x_wconf 89' lang='lat' dir='ltr'><strong>sit,</strong></span> <span class='ocrx_word' id='word_1_17' title='bbox 1638 297 1699 338; x_wconf 94' lang='lat' dir='ltr'><strong>nil</strong></span> <span class='ocrx_word' id='word_1_18' title='bbox 1730 297 1802 338; x_wconf 89' lang='lat' dir='ltr'><strong>ob—</strong></span> 
     </span>
     <span class='ocr_line' id='line_1_4' title="bbox 251 355 1654 412; baseline -0.001 -14"><span class='ocrx_word' id='word_1_19' title='bbox 251 362 344 410; x_wconf 88' lang='lat' dir='ltr'><strong>stat,</strong></span> <span class='ocrx_word' id='word_1_20' title='bbox 374 369 607 412; x_wconf 86' lang='lat' dir='ltr'><strong>repugnare</strong></span> <span class='ocrx_word' id='word_1_21' title='bbox 640 357 834 398; x_wconf 84' lang='lat' dir='ltr'><strong>videntur</strong></span> <span class='ocrx_word' id='word_1_22' title='bbox 861 355 1028 397; x_wconf 83' lang='lat' dir='ltr'><strong>Terenti</strong></span> <span class='ocrx_word' id='word_1_23' title='bbox 1057 356 1189 410; x_wconf 88' lang='lat' dir='ltr'><strong>ipsius</strong></span> <span class='ocrx_word' id='word_1_24' title='bbox 1220 355 1346 397; x_wconf 84' lang='lat' dir='ltr'><strong>verba</strong></span> <span class='ocrx_word' id='word_1_25' title='bbox 1377 356 1435 410; x_wconf 89' lang='lat' dir='ltr'><strong>(v.</strong></span> <span class='ocrx_word' id='word_1_26' title='bbox 1469 357 1523 402; x_wconf 90' lang='lat'><strong>18</strong></span> <span class='ocrx_word' id='word_1_27' title='bbox 1554 357 1654 411; x_wconf 90' lang='lat' dir='ltr'><strong>sq.):</strong></span> 
     </span>
     <span class='ocr_line' id='line_1_5' title="bbox 839 413 1598 470; baseline 0.003 -15"><span class='ocrx_word' id='word_1_28' title='bbox 839 413 913 467; x_wconf 93' lang='lat' dir='ltr'><strong>„Id</strong></span> <span class='ocrx_word' id='word_1_29' title='bbox 942 426 1033 455; x_wconf 91' lang='lat' dir='ltr'><strong>esse</strong></span> <span class='ocrx_word' id='word_1_30' title='bbox 1062 414 1218 455; x_wconf 81' lang='lat' dir='ltr'><strong>factum</strong></span> <span class='ocrx_word' id='word_1_31' title='bbox 1249 414 1317 456; x_wconf 89' lang='lat' dir='ltr'><strong>hic</strong></span> <span class='ocrx_word' id='word_1_32' title='bbox 1347 427 1432 456; x_wconf 91' lang='lat' dir='ltr'><strong>non</strong></span> <span class='ocrx_word' id='word_1_33' title='bbox 1462 420 1598 470; x_wconf 88' lang='lat' dir='ltr'><strong>negat,</strong></span> 
     </span>
     <span class='ocr_line' id='line_1_6' title="bbox 456 472 1595 528; baseline -0.001 -12"><span class='ocrx_word' id='word_1_34' title='bbox 456 474 605 528; x_wconf 89' lang='lat' dir='ltr'><strong>Neque</strong></span> <span class='ocrx_word' id='word_1_35' title='bbox 634 485 680 515; x_wconf 92' lang='lat' dir='ltr'><strong>se</strong></span> <span class='ocrx_word' id='word_1_36' title='bbox 710 474 851 527; x_wconf 87' lang='lat' dir='ltr'><strong>pigere</strong></span> <span class='ocrx_word' id='word_1_37' title='bbox 882 476 923 513; x_wconf 90' lang='lat' dir='ltr'><strong>et</strong></span> <span class='ocrx_word' id='word_1_38' title='bbox 953 472 1103 514; x_wconf 90' lang='lat' dir='ltr'><strong>deinde</strong></span> <span class='ocrx_word' id='word_1_39' title='bbox 1132 472 1342 515; x_wconf 77' lang='lat' dir='ltr'><strong>factunm</strong></span> <span class='ocrx_word' id='word_1_40' title='bbox 1371 477 1545 515; x_wconf 84' lang='lat' dir='ltr'><strong>autuma</strong></span> <span class='ocrx_word' id='word_1_41' title='bbox 1563 478 1595 515; x_wconf 86' lang='lat'><strong>.“</strong></span> 
     </span>
    </p>

    <p class='ocr_par' dir='ltr' id='par_1_3' title="bbox 248 531 1802 1114">
     <span class='ocr_line' id='line_1_7' title="bbox 368 531 1800 587; baseline -0.001 -14"><span class='ocrx_word' id='word_1_42' title='bbox 368 531 448 573; x_wconf 86' lang='lat' dir='ltr'><strong>Sed</strong></span> <span class='ocrx_word' id='word_1_43' title='bbox 482 531 701 573; x_wconf 86' lang='lat' dir='ltr'><strong>Terentius</strong></span> <span class='ocrx_word' id='word_1_44' title='bbox 731 531 858 572; x_wconf 90' lang='lat' dir='ltr'><strong>huius</strong></span> <span class='ocrx_word' id='word_1_45' title='bbox 888 531 1075 573; x_wconf 86' lang='lat' dir='ltr'><strong>criminis</strong></span> <span class='ocrx_word' id='word_1_46' title='bbox 1104 532 1328 584; x_wconf 89' lang='lat' dir='ltr'><strong>notionem,</strong></span> <span class='ocrx_word' id='word_1_47' title='bbox 1359 544 1442 573; x_wconf 92' lang='lat' dir='ltr'><strong>non</strong></span> <span class='ocrx_word' id='word_1_48' title='bbox 1473 532 1685 587; x_wconf 84' lang='lat' dir='ltr'><strong>propriam</strong></span> <span class='ocrx_word' id='word_1_49' title='bbox 1710 543 1800 573; x_wconf 86' lang='lat' dir='ltr'><strong>ver-</strong></span> 
     </span>
     <span class='ocr_line' id='line_1_8' title="bbox 250 588 1801 645; baseline -0.001 -13"><span class='ocrx_word' id='word_1_50' title='bbox 250 591 400 632; x_wconf 91' lang='lat' dir='ltr'><strong>borum</strong></span> <span class='ocrx_word' id='word_1_51' title='bbox 431 591 692 643; x_wconf 85' lang='lat' dir='ltr'><strong>sententiam,</strong></span> <span class='ocrx_word' id='word_1_52' title='bbox 723 588 878 644; x_wconf 89' lang='lat' dir='ltr'><strong>quibus</strong></span> <span class='ocrx_word' id='word_1_53' title='bbox 907 590 1045 644; x_wconf 86' lang='lat' dir='ltr'><strong>iniqui</strong></span> <span class='ocrx_word' id='word_1_54' title='bbox 1075 591 1141 632; x_wconf 88' lang='lat' dir='ltr'><strong>usi</strong></span> <span class='ocrx_word' id='word_1_55' title='bbox 1172 594 1302 644; x_wconf 89' lang='lat' dir='ltr'><strong>erant,</strong></span> <span class='ocrx_word' id='word_1_56' title='bbox 1332 591 1526 645; x_wconf 85' lang='lat' dir='ltr'><strong>respexit.</strong></span> <span class='ocrx_word' id='word_1_57' title='bbox 1577 590 1630 631; x_wconf 87' lang='lat' dir='ltr'><strong>Ei</strong></span> <span class='ocrx_word' id='word_1_58' title='bbox 1659 594 1801 632; x_wconf 83' lang='lat' dir='ltr'><strong>autem</strong></span> 
     </span>
     <span class='ocr_line' id='line_1_9' title="bbox 250 648 1799 704; baseline -0.001 -13"><span class='ocrx_word' id='word_1_59' title='bbox 250 650 415 692; x_wconf 89' lang='lat' dir='ltr'><strong>crimini</strong></span> <span class='ocrx_word' id='word_1_60' title='bbox 446 648 657 701; x_wconf 84' lang='lat' dir='ltr'><strong>dederant,</strong></span> <span class='ocrx_word' id='word_1_61' title='bbox 688 648 801 703; x_wconf 89' lang='lat' dir='ltr'><strong>quod</strong></span> <span class='ocrx_word' id='word_1_62' title='bbox 826 660 880 690; x_wconf 90' lang='lat' dir='ltr'><strong>ex</strong></span> <span class='ocrx_word' id='word_1_63' title='bbox 903 649 1047 690; x_wconf 88' lang='lat' dir='ltr'><strong>multis</strong></span> <span class='ocrx_word' id='word_1_64' title='bbox 1076 648 1231 690; x_wconf 87' lang='lat' dir='ltr'><strong>fabulis</strong></span> <span class='ocrx_word' id='word_1_65' title='bbox 1257 648 1426 691; x_wconf 86' lang='lat' dir='ltr'><strong>Graecis</strong></span> <span class='ocrx_word' id='word_1_66' title='bbox 1449 661 1605 704; x_wconf 85' lang='lat' dir='ltr'><strong>paucas</strong></span> <span class='ocrx_word' id='word_1_67' title='bbox 1629 648 1799 691; x_wconf 88' lang='lat' dir='ltr'><strong>Latinas</strong></span> 
     </span>
     <span class='ocr_line' id='line_1_10' title="bbox 248 707 1800 762; baseline 0.001 -13"><span class='ocrx_word' id='word_1_68' title='bbox 248 708 426 759; x_wconf 83' lang='lat' dir='ltr'><strong>fecisset,</strong></span> <span class='ocrx_word' id='word_1_69' title='bbox 456 708 498 749; x_wconf 92' lang='lat' dir='ltr'><strong>id</strong></span> <span class='ocrx_word' id='word_1_70' title='bbox 526 707 637 762; x_wconf 90' lang='lat' dir='ltr'><strong>quod</strong></span> <span class='ocrx_word' id='word_1_71' title='bbox 664 721 688 748; x_wconf 93' lang='lat' dir='ltr'><strong>a</strong></span> <span class='ocrx_word' id='word_1_72' title='bbox 719 720 817 749; x_wconf 88' lang='lat' dir='ltr'><strong>vero</strong></span> <span class='ocrx_word' id='word_1_73' title='bbox 842 707 1069 750; x_wconf 84' lang='lat' dir='ltr'><strong>aberrabat.</strong></span> <span class='ocrx_word' id='word_1_74' title='bbox 1118 707 1286 750; x_wconf 86' lang='lat' dir='ltr'><strong>Etenim</strong></span> <span class='ocrx_word' id='word_1_75' title='bbox 1308 707 1527 750; x_wconf 89' lang='lat' dir='ltr'><strong>Terentius</strong></span> <span class='ocrx_word' id='word_1_76' title='bbox 1551 712 1643 750; x_wconf 90' lang='lat' dir='ltr'><strong>tum</strong></span> <span class='ocrx_word' id='word_1_77' title='bbox 1667 708 1800 750; x_wconf 84' lang='lat' dir='ltr'><strong>solam</strong></span> 
     </span>
     <span class='ocr_line' id='line_1_11' title="bbox 252 766 1800 820; baseline -0.001 -13"><span class='ocrx_word' id='word_1_78' title='bbox 252 767 454 808; x_wconf 87' lang='lat' dir='ltr'><strong>Andriam</strong></span> <span class='ocrx_word' id='word_1_79' title='bbox 487 779 608 807; x_wconf 89' lang='lat' dir='ltr'><strong>suam</strong></span> <span class='ocrx_word' id='word_1_80' title='bbox 638 768 1024 818; x_wconf 80' lang='lat' dir='ltr'><strong>,contaminaverat‘.</strong></span> <span class='ocrx_word' id='word_1_81' title='bbox 1086 766 1193 807; x_wconf 88' lang='lat' dir='ltr'><strong>Cum</strong></span> <span class='ocrx_word' id='word_1_82' title='bbox 1224 772 1364 807; x_wconf 86' lang='lat' dir='ltr'><strong>autem</strong></span> <span class='ocrx_word' id='word_1_83' title='bbox 1395 767 1576 820; x_wconf 91' lang='lat' dir='ltr'><strong>populus</strong></span> <span class='ocrx_word' id='word_1_84' title='bbox 1606 768 1684 807; x_wconf 88' lang='lat' dir='ltr'><strong>etsi</strong></span> <span class='ocrx_word' id='word_1_85' title='bbox 1712 768 1800 807; x_wconf 92' lang='lat' dir='ltr'><strong>An-</strong></span> 
     </span>
     <span class='ocr_line' id='line_1_12' title="bbox 250 824 1800 881; baseline 0 -15"><span class='ocrx_word' id='word_1_86' title='bbox 250 825 383 867; x_wconf 85' lang='lat' dir='ltr'><strong>driam</strong></span> <span class='ocrx_word' id='word_1_87' title='bbox 414 825 738 866; x_wconf 80' lang='lat' dir='ltr'><strong>contaminatam</strong></span> <span class='ocrx_word' id='word_1_88' title='bbox 769 837 859 867; x_wconf 88' lang='lat' dir='ltr'><strong>esse</strong></span> <span class='ocrx_word' id='word_1_89' title='bbox 889 824 1000 867; x_wconf 89' lang='lat' dir='ltr'><strong>haud</strong></span> <span class='ocrx_word' id='word_1_90' title='bbox 1026 825 1300 880; x_wconf 81' lang='lat' dir='ltr'><strong>ignoraverat,</strong></span> <span class='ocrx_word' id='word_1_91' title='bbox 1330 828 1468 867; x_wconf 89' lang='lat' dir='ltr'><strong>tamen</strong></span> <span class='ocrx_word' id='word_1_92' title='bbox 1494 824 1679 867; x_wconf 85' lang='lat' dir='ltr'><strong>fabulam</strong></span> <span class='ocrx_word' id='word_1_93' title='bbox 1706 837 1800 881; x_wconf 92' lang='lat' dir='ltr'><strong>pro-</strong></span> 
     </span>
     <span class='ocr_line' id='line_1_13' title="bbox 249 884 1800 938; baseline 0 -14"><span class='ocrx_word' id='word_1_94' title='bbox 249 885 442 937; x_wconf 87' lang='lat' dir='ltr'><strong>bavisset,</strong></span> <span class='ocrx_word' id='word_1_95' title='bbox 479 884 696 925; x_wconf 77' lang='lat' dir='ltr'><strong>Terentius</strong></span> <span class='ocrx_word' id='word_1_96' title='bbox 736 885 787 925; x_wconf 91' lang='lat' dir='ltr'><strong>de</strong></span> <span class='ocrx_word' id='word_1_97' title='bbox 816 884 956 925; x_wconf 86' lang='lat' dir='ltr'><strong>verbis</strong></span> <span class='ocrx_word' id='word_1_98' title='bbox 995 898 1092 925; x_wconf 89' lang='lat' dir='ltr'><strong>cum</strong></span> <span class='ocrx_word' id='word_1_99' title='bbox 1128 886 1286 938; x_wconf 88' lang='lat' dir='ltr'><strong>iniquis</strong></span> <span class='ocrx_word' id='word_1_100' title='bbox 1323 897 1406 925; x_wconf 92' lang='lat' dir='ltr'><strong>non</strong></span> <span class='ocrx_word' id='word_1_101' title='bbox 1445 885 1636 937; x_wconf 80' lang='lat' dir='ltr'><strong>certavit,</strong></span> <span class='ocrx_word' id='word_1_102' title='bbox 1672 885 1800 925; x_wconf 90' lang='lat' dir='ltr'><strong>immo</strong></span> 
     </span>
     <span class='ocr_line' id='line_1_14' title="bbox 249 942 1802 998; baseline 0 -15"><span class='ocrx_word' id='word_1_103' title='bbox 249 942 505 983; x_wconf 86' lang='lat' dir='ltr'><strong>confidenter</strong></span> <span class='ocrx_word' id='word_1_104' title='bbox 535 943 595 983; x_wconf 91' lang='lat' dir='ltr'><strong>eis</strong></span> <span class='ocrx_word' id='word_1_105' title='bbox 615 943 828 997; x_wconf 89' lang='lat' dir='ltr'><strong>respondit</strong></span> <span class='ocrx_word' id='word_1_106' title='bbox 857 955 902 984; x_wconf 93' lang='lat' dir='ltr'><strong>se</strong></span> <span class='ocrx_word' id='word_1_107' title='bbox 921 943 976 996; x_wconf 89' lang='lat' dir='ltr'><strong>id,</strong></span> <span class='ocrx_word' id='word_1_108' title='bbox 1007 943 1119 998; x_wconf 92' lang='lat' dir='ltr'><strong>quod</strong></span> <span class='ocrx_word' id='word_1_109' title='bbox 1141 942 1222 983; x_wconf 91' lang='lat' dir='ltr'><strong>sibi</strong></span> <span class='ocrx_word' id='word_1_110' title='bbox 1244 943 1409 983; x_wconf 87' lang='lat' dir='ltr'><strong>crimini</strong></span> <span class='ocrx_word' id='word_1_111' title='bbox 1439 943 1599 997; x_wconf 83' lang='lat' dir='ltr'><strong>darent,</strong></span> <span class='ocrx_word' id='word_1_112' title='bbox 1629 944 1802 984; x_wconf 91' lang='lat' dir='ltr'><strong>omnino</strong></span> 
     </span>
     <span class='ocr_line' id='line_1_15' title="bbox 251 1001 1798 1056; baseline 0 -14"><span class='ocrx_word' id='word_1_113' title='bbox 251 1015 335 1043; x_wconf 90' lang='lat' dir='ltr'><strong>non</strong></span> <span class='ocrx_word' id='word_1_114' title='bbox 367 1014 519 1056; x_wconf 86' lang='lat' dir='ltr'><strong>negare</strong></span> <span class='ocrx_word' id='word_1_115' title='bbox 549 1014 688 1056; x_wconf 87' lang='lat' dir='ltr'><strong>neque</strong></span> <span class='ocrx_word' id='word_1_116' title='bbox 718 1014 763 1043; x_wconf 90' lang='lat' dir='ltr'><strong>se</strong></span> <span class='ocrx_word' id='word_1_117' title='bbox 793 1003 945 1056; x_wconf 86' lang='lat' dir='ltr'><strong>pigere,</strong></span> <span class='ocrx_word' id='word_1_118' title='bbox 974 1003 1103 1043; x_wconf 89' lang='lat' dir='ltr'><strong>immo</strong></span> <span class='ocrx_word' id='word_1_119' title='bbox 1134 1006 1175 1043; x_wconf 90' lang='lat' dir='ltr'><strong>et</strong></span> <span class='ocrx_word' id='word_1_120' title='bbox 1204 1006 1346 1056; x_wconf 91' lang='lat' dir='ltr'><strong>postea</strong></span> <span class='ocrx_word' id='word_1_121' title='bbox 1376 1014 1467 1044; x_wconf 88' lang='lat' dir='ltr'><strong>sese</strong></span> <span class='ocrx_word' id='word_1_122' title='bbox 1490 1002 1568 1043; x_wconf 90' lang='lat' dir='ltr'><strong>hoc</strong></span> <span class='ocrx_word' id='word_1_123' title='bbox 1591 1001 1798 1043; x_wconf 87' lang='lat' dir='ltr'><strong>facturum</strong></span> 
     </span>
     <span class='ocr_line' id='line_1_16' title="bbox 248 1060 674 1114; baseline 0.002 -14"><span class='ocrx_word' id='word_1_124' title='bbox 248 1072 339 1101; x_wconf 90' lang='lat' dir='ltr'><strong>esse</strong></span> <span class='ocrx_word' id='word_1_125' title='bbox 369 1060 572 1114; x_wconf 86' lang='lat' dir='ltr'><strong>gloriatus</strong></span> <span class='ocrx_word' id='word_1_126' title='bbox 603 1064 674 1102; x_wconf 88' lang='lat' dir='ltr'><strong>est.</strong></span> 
     </span>
    </p>
   </div>
   <div class='ocr_carea' id='block_1_3' title="bbox 250 1165 1800 1218">
    <p class='ocr_par' dir='ltr' id='par_1_4' title="bbox 250 1165 1800 1218">
     <span class='ocr_line' id='line_1_17' title="bbox 250 1165 1800 1218; baseline 0.001 -12"><span class='ocrx_word' id='word_1_127' title='bbox 250 1167 274 1218; x_wconf 63' lang='grc' dir='ltr'>ξ</span> <span class='ocrx_word' id='word_1_128' title='bbox 297 1167 335 1207; x_wconf 86' lang='grc'><strong>2.</strong></span> <span class='ocrx_word' id='word_1_129' title='bbox 378 1166 442 1207; x_wconf 82' lang='lat' dir='ltr'><strong>De</strong></span> <span class='ocrx_word' id='word_1_130' title='bbox 467 1165 723 1218; x_wconf 73' lang='grc' dir='ltr'><strong>ΑᾱοΙρΙ-ιοη</strong></span> <span class='ocrx_word' id='word_1_131' title='bbox 755 1168 911 1218; x_wconf 77' lang='lat' dir='ltr'><strong>prima</strong></span> <span class='ocrx_word' id='word_1_132' title='bbox 939 1169 987 1207; x_wconf 82' lang='lat' dir='ltr'><strong>et</strong></span> <span class='ocrx_word' id='word_1_133' title='bbox 1015 1165 1226 1218; x_wconf 79' lang='lat' dir='ltr'><strong>Hecyrae</strong></span> <span class='ocrx_word' id='word_1_134' title='bbox 1250 1166 1475 1208; x_wconf 78' lang='lat' dir='ltr'><strong>secunda</strong></span> <span class='ocrx_word' id='word_1_135' title='bbox 1503 1166 1800 1208; x_wconf 78' lang='lat' dir='ltr'><strong>actionibus.</strong></span> 
     </span>
    </p>
   </div>
   <div class='ocr_carea' id='block_1_4' title="bbox 246 1246 1802 2183">
    <p class='ocr_par' dir='ltr' id='par_1_5' title="bbox 246 1246 1802 2183">
     <span class='ocr_line' id='line_1_18' title="bbox 368 1246 1798 1303; baseline 0.001 -15"><span class='ocrx_word' id='word_1_136' title='bbox 368 1246 557 1301; x_wconf 84' lang='lat' dir='ltr'><strong>Hecyrae</strong></span> <span class='ocrx_word' id='word_1_137' title='bbox 588 1249 826 1290; x_wconf 80' lang='lat' dir='ltr'><strong>iterationes</strong></span> <span class='ocrx_word' id='word_1_138' title='bbox 855 1251 949 1303; x_wconf 92' lang='lat' dir='ltr'><strong>post</strong></span> <span class='ocrx_word' id='word_1_139' title='bbox 980 1260 1049 1289; x_wconf 89' lang='lat' dir='ltr'><strong>eas</strong></span> <span class='ocrx_word' id='word_1_140' title='bbox 1079 1251 1311 1290; x_wconf 84' lang='lat' dir='ltr'><strong>ceterarum</strong></span> <span class='ocrx_word' id='word_1_141' title='bbox 1341 1247 1579 1290; x_wconf 87' lang='lat' dir='ltr'><strong>fabularum</strong></span> <span class='ocrx_word' id='word_1_142' title='bbox 1603 1249 1798 1299; x_wconf 84' lang='lat' dir='ltr'><strong>actiones,</strong></span> 
     </span>
     <span class='ocr_line' id='line_1_19' title="bbox 251 1306 1801 1361; baseline 0.001 -15"><span class='ocrx_word' id='word_1_143' title='bbox 251 1306 299 1346; x_wconf 90' lang='lat' dir='ltr'><strong>ad</strong></span> <span class='ocrx_word' id='word_1_144' title='bbox 335 1319 440 1359; x_wconf 89' lang='lat' dir='ltr'><strong>quas</strong></span> <span class='ocrx_word' id='word_1_145' title='bbox 471 1306 630 1360; x_wconf 81' lang='lat' dir='ltr'><strong>prologi</strong></span> <span class='ocrx_word' id='word_1_146' title='bbox 655 1310 853 1361; x_wconf 86' lang='lat' dir='ltr'><strong>spectant,</strong></span> <span class='ocrx_word' id='word_1_147' title='bbox 882 1307 1011 1348; x_wconf 86' lang='lat' dir='ltr'><strong>factas</strong></span> <span class='ocrx_word' id='word_1_148' title='bbox 1036 1319 1127 1348; x_wconf 87' lang='lat' dir='ltr'><strong>esse</strong></span> <span class='ocrx_word' id='word_1_149' title='bbox 1151 1307 1249 1348; x_wconf 90' lang='lat' dir='ltr'><strong>inde</strong></span> <span class='ocrx_word' id='word_1_150' title='bbox 1274 1307 1557 1348; x_wconf 90' lang='lat' dir='ltr'><strong>conclusimus</strong></span> <span class='ocrx_word' id='word_1_151' title='bbox 1588 1306 1655 1361; x_wconf 85' lang='lat' dir='ltr'><strong>(cf.</strong></span> <span class='ocrx_word' id='word_1_152' title='bbox 1673 1319 1801 1361; x_wconf 87' lang='lat' dir='ltr'><strong>supra</strong></span> 
     </span>
     <span class='ocr_line' id='line_1_20' title="bbox 251 1364 1800 1418; baseline 0.002 -15"><span class='ocrx_word' id='word_1_153' title='bbox 251 1377 288 1417; x_wconf 91' lang='lat' dir='ltr'><strong>p.</strong></span> <span class='ocrx_word' id='word_1_154' title='bbox 322 1364 375 1404; x_wconf 86' lang='lat'><strong>12</strong></span> <span class='ocrx_word' id='word_1_155' title='bbox 408 1364 498 1418; x_wconf 91' lang='lat' dir='ltr'><strong>sq.),</strong></span> <span class='ocrx_word' id='word_1_156' title='bbox 530 1364 642 1418; x_wconf 90' lang='lat' dir='ltr'><strong>quod</strong></span> <span class='ocrx_word' id='word_1_157' title='bbox 673 1364 865 1418; x_wconf 82' lang='lat' dir='ltr'><strong>Hecyrae</strong></span> <span class='ocrx_word' id='word_1_158' title='bbox 894 1366 1047 1406; x_wconf 89' lang='lat' dir='ltr'><strong>iterum</strong></span> <span class='ocrx_word' id='word_1_159' title='bbox 1077 1369 1250 1406; x_wconf 86' lang='lat' dir='ltr'><strong>exactae</strong></span> <span class='ocrx_word' id='word_1_160' title='bbox 1278 1366 1480 1406; x_wconf 87' lang='lat' dir='ltr'><strong>memoria</strong></span> <span class='ocrx_word' id='word_1_161' title='bbox 1510 1366 1553 1406; x_wconf 93' lang='lat' dir='ltr'><strong>in</strong></span> <span class='ocrx_word' id='word_1_162' title='bbox 1581 1365 1697 1406; x_wconf 89' lang='lat' dir='ltr'><strong>nullo</strong></span> <span class='ocrx_word' id='word_1_163' title='bbox 1718 1365 1800 1406; x_wconf 88' lang='lat' dir='ltr'><strong>alio</strong></span> 
     </span>
     <span class='ocr_line' id='line_1_21' title="bbox 248 1422 1800 1478; baseline 0.001 -15"><span class='ocrx_word' id='word_1_164' title='bbox 248 1422 417 1476; x_wconf 86' lang='lat' dir='ltr'><strong>prologo</strong></span> <span class='ocrx_word' id='word_1_165' title='bbox 449 1426 586 1464; x_wconf 87' lang='lat' dir='ltr'><strong>exstat</strong></span> <span class='ocrx_word' id='word_1_166' title='bbox 617 1424 698 1464; x_wconf 88' lang='lat' dir='ltr'><strong>nisi</strong></span> <span class='ocrx_word' id='word_1_167' title='bbox 722 1424 765 1464; x_wconf 91' lang='lat' dir='ltr'><strong>in</strong></span> <span class='ocrx_word' id='word_1_168' title='bbox 787 1422 980 1477; x_wconf 81' lang='lat' dir='ltr'><strong>Hecyrae</strong></span> <span class='ocrx_word' id='word_1_169' title='bbox 1003 1424 1173 1478; x_wconf 89' lang='lat' dir='ltr'><strong>prologo</strong></span> <span class='ocrx_word' id='word_1_170' title='bbox 1198 1424 1337 1465; x_wconf 88' lang='lat' dir='ltr'><strong>altero.</strong></span> <span class='ocrx_word' id='word_1_171' title='bbox 1387 1423 1635 1465; x_wconf 87' lang='lat' dir='ltr'><strong>Didascaliis</strong></span> <span class='ocrx_word' id='word_1_172' title='bbox 1658 1427 1800 1465; x_wconf 83' lang='lat' dir='ltr'><strong>autem</strong></span> 
     </span>
     <span class='ocr_line' id='line_1_22' title="bbox 248 1480 1798 1537; baseline 0.001 -16"><span class='ocrx_word' id='word_1_173' title='bbox 248 1482 324 1522; x_wconf 90' lang='lat' dir='ltr'><strong>etsi</strong></span> <span class='ocrx_word' id='word_1_174' title='bbox 355 1482 433 1522; x_wconf 91' lang='lat' dir='ltr'><strong>hoc</strong></span> <span class='ocrx_word' id='word_1_175' title='bbox 462 1480 745 1535; x_wconf 88' lang='lat' dir='ltr'><strong>confirmatur,</strong></span> <span class='ocrx_word' id='word_1_176' title='bbox 775 1485 914 1523; x_wconf 81' lang='lat' dir='ltr'><strong>tamen</strong></span> <span class='ocrx_word' id='word_1_177' title='bbox 946 1495 1044 1523; x_wconf 87' lang='lat' dir='ltr'><strong>cum</strong></span> <span class='ocrx_word' id='word_1_178' title='bbox 1075 1481 1379 1537; x_wconf 83' lang='lat' dir='ltr'><strong>comperiamus</strong></span> <span class='ocrx_word' id='word_1_179' title='bbox 1410 1487 1452 1524; x_wconf 91' lang='lat' dir='ltr'><strong>et</strong></span> <span class='ocrx_word' id='word_1_180' title='bbox 1482 1481 1693 1537; x_wconf 87' lang='lat' dir='ltr'><strong>Hecyram</strong></span> <span class='ocrx_word' id='word_1_181' title='bbox 1723 1481 1798 1537; x_wconf 92' lang='lat' dir='ltr'><strong>(II)</strong></span> 
     </span>
     <span class='ocr_line' id='line_1_23' title="bbox 247 1540 1798 1594; baseline 0.001 -13"><span class='ocrx_word' id='word_1_182' title='bbox 247 1544 288 1581; x_wconf 87' lang='lat' dir='ltr'><strong>et</strong></span> <span class='ocrx_word' id='word_1_183' title='bbox 333 1540 546 1594; x_wconf 89' lang='lat' dir='ltr'><strong>Adelphos</strong></span> <span class='ocrx_word' id='word_1_184' title='bbox 588 1542 745 1582; x_wconf 89' lang='lat' dir='ltr'><strong>eisdem</strong></span> <span class='ocrx_word' id='word_1_185' title='bbox 787 1541 898 1582; x_wconf 87' lang='lat' dir='ltr'><strong>ludis</strong></span> <span class='ocrx_word' id='word_1_186' title='bbox 940 1541 1189 1583; x_wconf 85' lang='lat' dir='ltr'><strong>funebribus</strong></span> <span class='ocrx_word' id='word_1_187' title='bbox 1235 1541 1278 1582; x_wconf 83' lang='lat' dir='ltr'><strong>L.</strong></span> <span class='ocrx_word' id='word_1_188' title='bbox 1318 1542 1471 1583; x_wconf 89' lang='lat' dir='ltr'><strong>Aemili</strong></span> <span class='ocrx_word' id='word_1_189' title='bbox 1506 1541 1641 1583; x_wconf 89' lang='lat' dir='ltr'><strong>Paulli</strong></span> <span class='ocrx_word' id='word_1_190' title='bbox 1684 1545 1798 1583; x_wconf 84' lang='lat' dir='ltr'><strong>actas</strong></span> 
     </span>
     <span class='ocr_line' id='line_1_24' title="bbox 248 1599 1797 1654; baseline 0.001 -15"><span class='ocrx_word' id='word_1_191' title='bbox 248 1611 349 1649; x_wconf 89' lang='lat' dir='ltr'><strong>esse,</strong></span> <span class='ocrx_word' id='word_1_192' title='bbox 381 1605 686 1653; x_wconf 88' lang='lat' dir='ltr'><strong>argumentum,</strong></span> <span class='ocrx_word' id='word_1_193' title='bbox 717 1612 801 1654; x_wconf 90' lang='lat' dir='ltr'><strong>quo</strong></span> <span class='ocrx_word' id='word_1_194' title='bbox 832 1613 959 1654; x_wconf 86' lang='lat' dir='ltr'><strong>supra</strong></span> <span class='ocrx_word' id='word_1_195' title='bbox 989 1600 1071 1641; x_wconf 87' lang='lat' dir='ltr'><strong>nisi</strong></span> <span class='ocrx_word' id='word_1_196' title='bbox 1095 1613 1255 1652; x_wconf 89' lang='lat' dir='ltr'><strong>sumus,</strong></span> <span class='ocrx_word' id='word_1_197' title='bbox 1286 1599 1444 1654; x_wconf 88' lang='lat' dir='ltr'><strong>aliquid</strong></span> <span class='ocrx_word' id='word_1_198' title='bbox 1470 1599 1674 1641; x_wconf 89' lang='lat' dir='ltr'><strong>infirmari</strong></span> <span class='ocrx_word' id='word_1_199' title='bbox 1699 1613 1797 1640; x_wconf 91' lang='lat' dir='ltr'><strong>con-</strong></span> 
     </span>
     <span class='ocr_line' id='line_1_25' title="bbox 248 1656 1797 1713; baseline 0.001 -15"><span class='ocrx_word' id='word_1_200' title='bbox 248 1658 359 1699; x_wconf 85' lang='lat' dir='ltr'><strong>cedo.</strong></span> <span class='ocrx_word' id='word_1_201' title='bbox 421 1656 588 1698; x_wconf 87' lang='lat' dir='ltr'><strong>Etenim</strong></span> <span class='ocrx_word' id='word_1_202' title='bbox 619 1659 781 1699; x_wconf 84' lang='lat' dir='ltr'><strong>etiamsi</strong></span> <span class='ocrx_word' id='word_1_203' title='bbox 818 1657 1027 1712; x_wconf 82' lang='lat' dir='ltr'><strong>Hecyram</strong></span> <span class='ocrx_word' id='word_1_204' title='bbox 1059 1657 1132 1712; x_wconf 91' lang='lat' dir='ltr'><strong>(Il)</strong></span> <span class='ocrx_word' id='word_1_205' title='bbox 1162 1662 1212 1700; x_wconf 92' lang='lat' dir='ltr'><strong>ut</strong></span> <span class='ocrx_word' id='word_1_206' title='bbox 1241 1658 1397 1700; x_wconf 89' lang='lat' dir='ltr'><strong>eisdem</strong></span> <span class='ocrx_word' id='word_1_207' title='bbox 1422 1658 1546 1711; x_wconf 90' lang='lat' dir='ltr'><strong>ludis,</strong></span> <span class='ocrx_word' id='word_1_208' title='bbox 1588 1660 1648 1700; x_wconf 90' lang='lat' dir='ltr'><strong>ita</strong></span> <span class='ocrx_word' id='word_1_209' title='bbox 1671 1658 1797 1713; x_wconf 87' lang='lat' dir='ltr'><strong>paulo</strong></span> 
     </span>
     <span class='ocr_line' id='line_1_26' title="bbox 247 1716 1797 1772; baseline 0.001 -16"><span class='ocrx_word' id='word_1_210' title='bbox 247 1721 343 1757; x_wconf 90' lang='lat' dir='ltr'><strong>ante</strong></span> <span class='ocrx_word' id='word_1_211' title='bbox 382 1716 595 1770; x_wconf 87' lang='lat' dir='ltr'><strong>Adelphos</strong></span> <span class='ocrx_word' id='word_1_212' title='bbox 637 1722 771 1757; x_wconf 86' lang='lat' dir='ltr'><strong>actam</strong></span> <span class='ocrx_word' id='word_1_213' title='bbox 816 1729 907 1758; x_wconf 90' lang='lat' dir='ltr'><strong>esse</strong></span> <span class='ocrx_word' id='word_1_214' title='bbox 951 1721 1168 1772; x_wconf 78' lang='lat' dir='ltr'><strong>putamus,</strong></span> <span class='ocrx_word' id='word_1_215' title='bbox 1213 1729 1311 1758; x_wconf 89' lang='lat' dir='ltr'><strong>cum</strong></span> <span class='ocrx_word' id='word_1_216' title='bbox 1356 1729 1501 1759; x_wconf 91' lang='lat' dir='ltr'><strong>omnes</strong></span> <span class='ocrx_word' id='word_1_217' title='bbox 1547 1721 1797 1772; x_wconf 83' lang='lat' dir='ltr'><strong>spectatores</strong></span> 
     </span>
     <span class='ocr_line' id='line_1_27' title="bbox 247 1773 1799 1831; baseline 0.002 -17"><span class='ocrx_word' id='word_1_218' title='bbox 247 1773 461 1828; x_wconf 88' lang='lat' dir='ltr'><strong>Hecyram</strong></span> <span class='ocrx_word' id='word_1_219' title='bbox 490 1775 614 1817; x_wconf 90' lang='lat' dir='ltr'><strong>modo</strong></span> <span class='ocrx_word' id='word_1_220' title='bbox 651 1780 841 1816; x_wconf 86' lang='lat' dir='ltr'><strong>exactam</strong></span> <span class='ocrx_word' id='word_1_221' title='bbox 878 1788 969 1818; x_wconf 87' lang='lat' dir='ltr'><strong>esse</strong></span> <span class='ocrx_word' id='word_1_222' title='bbox 1010 1778 1182 1829; x_wconf 91' lang='lat' dir='ltr'><strong>scirent,</strong></span> <span class='ocrx_word' id='word_1_223' title='bbox 1226 1780 1348 1831; x_wconf 87' lang='lat' dir='ltr'><strong>poeta</strong></span> <span class='ocrx_word' id='word_1_224' title='bbox 1386 1776 1513 1817; x_wconf 87' lang='lat' dir='ltr'><strong>huius</strong></span> <span class='ocrx_word' id='word_1_225' title='bbox 1550 1775 1799 1818; x_wconf 84' lang='lat' dir='ltr'><strong>calamitatis</strong></span> 
     </span>
     <span class='ocr_line' id='line_1_28' title="bbox 248 1833 1798 1889; baseline 0.001 -16"><span class='ocrx_word' id='word_1_226' title='bbox 248 1834 289 1874; x_wconf 91' lang='lat' dir='ltr'><strong>in</strong></span> <span class='ocrx_word' id='word_1_227' title='bbox 325 1833 608 1888; x_wconf 85' lang='lat' dir='ltr'><strong>Adelphorum</strong></span> <span class='ocrx_word' id='word_1_228' title='bbox 633 1834 802 1888; x_wconf 89' lang='lat' dir='ltr'><strong>prologo</strong></span> <span class='ocrx_word' id='word_1_229' title='bbox 833 1836 1090 1876; x_wconf 81' lang='lat' dir='ltr'><strong>mentionem</strong></span> <span class='ocrx_word' id='word_1_230' title='bbox 1112 1834 1257 1876; x_wconf 80' lang='lat' dir='ltr'><strong>fecerit</strong></span> <span class='ocrx_word' id='word_1_231' title='bbox 1280 1836 1454 1876; x_wconf 91' lang='lat' dir='ltr'><strong>minime</strong></span> <span class='ocrx_word' id='word_1_232' title='bbox 1478 1847 1647 1877; x_wconf 89' lang='lat' dir='ltr'><strong>necesse</strong></span> <span class='ocrx_word' id='word_1_233' title='bbox 1671 1836 1798 1889; x_wconf 78' lang='lat' dir='ltr'><strong>est,⁷⁶&gt;</strong></span> 
     </span>
     <span class='ocr_line' id='line_1_29' title="bbox 247 1893 1798 1948; baseline 0.001 -14"><span class='ocrx_word' id='word_1_234' title='bbox 247 1895 486 1947; x_wconf 84' lang='lat' dir='ltr'><strong>praesertim</strong></span> <span class='ocrx_word' id='word_1_235' title='bbox 532 1905 630 1934; x_wconf 87' lang='lat' dir='ltr'><strong>cum</strong></span> <span class='ocrx_word' id='word_1_236' title='bbox 676 1893 802 1934; x_wconf 88' lang='lat' dir='ltr'><strong>huius</strong></span> <span class='ocrx_word' id='word_1_237' title='bbox 838 1894 898 1935; x_wconf 92' lang='lat' dir='ltr'><strong>rei</strong></span> <span class='ocrx_word' id='word_1_238' title='bbox 935 1895 1147 1935; x_wconf 90' lang='lat' dir='ltr'><strong>mentione</strong></span> <span class='ocrx_word' id='word_1_239' title='bbox 1182 1893 1292 1935; x_wconf 87' lang='lat' dir='ltr'><strong>facta</strong></span> <span class='ocrx_word' id='word_1_240' title='bbox 1321 1906 1367 1935; x_wconf 90' lang='lat' dir='ltr'><strong>se</strong></span> <span class='ocrx_word' id='word_1_241' title='bbox 1403 1906 1610 1948; x_wconf 89' lang='lat' dir='ltr'><strong>suamque</strong></span> <span class='ocrx_word' id='word_1_242' title='bbox 1645 1906 1798 1935; x_wconf 83' lang='lat' dir='ltr'><strong>novam</strong></span> 
     </span>
     <span class='ocr_line' id='line_1_30' title="bbox 247 1950 1801 2007; baseline 0.002 -16"><span class='ocrx_word' id='word_1_243' title='bbox 247 1950 431 1992; x_wconf 84' lang='lat' dir='ltr'><strong>fabulam</strong></span> <span class='ocrx_word' id='word_1_244' title='bbox 476 1964 558 1992; x_wconf 92' lang='lat' dir='ltr'><strong>non</strong></span> <span class='ocrx_word' id='word_1_245' title='bbox 608 1952 926 1994; x_wconf 86' lang='lat' dir='ltr'><strong>commendaret.</strong></span> <span class='ocrx_word' id='word_1_246' title='bbox 996 1951 1114 2001; x_wconf 81' lang='lat' dir='ltr'><strong>Quae</strong></span> <span class='ocrx_word' id='word_1_247' title='bbox 1160 1965 1257 1993; x_wconf 90' lang='lat' dir='ltr'><strong>cum</strong></span> <span class='ocrx_word' id='word_1_248' title='bbox 1294 1954 1351 1993; x_wconf 85' lang='lat' dir='ltr'><strong>ita</strong></span> <span class='ocrx_word' id='word_1_249' title='bbox 1390 1954 1492 2003; x_wconf 89' lang='lat' dir='ltr'><strong>sint,</strong></span> <span class='ocrx_word' id='word_1_250' title='bbox 1537 1958 1632 1994; x_wconf 84' lang='lat' dir='ltr'><strong>utra</strong></span> <span class='ocrx_word' id='word_1_251' title='bbox 1676 1954 1801 2007; x_wconf 89' lang='lat' dir='ltr'><strong>prior,</strong></span> 
     </span>
     <span class='ocr_line' id='line_1_31' title="bbox 247 2010 1801 2066; baseline 0.001 -16"><span class='ocrx_word' id='word_1_252' title='bbox 247 2012 342 2051; x_wconf 90' lang='lat' dir='ltr'><strong>utra</strong></span> <span class='ocrx_word' id='word_1_253' title='bbox 371 2011 575 2064; x_wconf 86' lang='lat' dir='ltr'><strong>posterior</strong></span> <span class='ocrx_word' id='word_1_254' title='bbox 600 2011 665 2051; x_wconf 87' lang='lat' dir='ltr'><strong>his</strong></span> <span class='ocrx_word' id='word_1_255' title='bbox 689 2010 801 2052; x_wconf 87' lang='lat' dir='ltr'><strong>ludis</strong></span> <span class='ocrx_word' id='word_1_256' title='bbox 826 2015 917 2052; x_wconf 84' lang='lat' dir='ltr'><strong>acta</strong></span> <span class='ocrx_word' id='word_1_257' title='bbox 941 2011 1008 2063; x_wconf 85' lang='lat' dir='ltr'><strong>sit,</strong></span> <span class='ocrx_word' id='word_1_258' title='bbox 1038 2016 1086 2052; x_wconf 90' lang='lat' dir='ltr'><strong>ut</strong></span> <span class='ocrx_word' id='word_1_259' title='bbox 1109 2024 1422 2066; x_wconf 87' lang='lat' dir='ltr'><strong>cognoscamus,</strong></span> <span class='ocrx_word' id='word_1_260' title='bbox 1447 2012 1529 2052; x_wconf 87' lang='lat' dir='ltr'><strong>alia</strong></span> <span class='ocrx_word' id='word_1_261' title='bbox 1553 2017 1801 2066; x_wconf 87' lang='lat' dir='ltr'><strong>argumenta</strong></span> 
     </span>
     <span class='ocr_line' id='line_1_32' title="bbox 247 2068 1802 2124; baseline 0.001 -15"><span class='ocrx_word' id='word_1_262' title='bbox 247 2068 492 2123; x_wconf 83' lang='lat' dir='ltr'><strong>proferenda</strong></span> <span class='ocrx_word' id='word_1_263' title='bbox 529 2073 639 2110; x_wconf 88' lang='lat' dir='ltr'><strong>sunt.</strong></span> <span class='ocrx_word' id='word_1_264' title='bbox 700 2068 825 2111; x_wconf 89' lang='lat' dir='ltr'><strong>Hanc</strong></span> <span class='ocrx_word' id='word_1_265' title='bbox 857 2071 1143 2124; x_wconf 87' lang='lat' dir='ltr'><strong>quaestionem</strong></span> <span class='ocrx_word' id='word_1_266' title='bbox 1175 2075 1223 2111; x_wconf 89' lang='lat' dir='ltr'><strong>ut</strong></span> <span class='ocrx_word' id='word_1_267' title='bbox 1254 2070 1541 2124; x_wconf 82' lang='lat' dir='ltr'><strong>diiudicarent,</strong></span> <span class='ocrx_word' id='word_1_268' title='bbox 1571 2071 1653 2111; x_wconf 85' lang='lat' dir='ltr'><strong>viri</strong></span> <span class='ocrx_word' id='word_1_269' title='bbox 1690 2070 1802 2112; x_wconf 90' lang='lat' dir='ltr'><strong>docti</strong></span> 
     </span>
     <span class='ocr_line' id='line_1_33' title="bbox 246 2127 810 2183; baseline 0.002 -14"><span class='ocrx_word' id='word_1_270' title='bbox 246 2127 298 2169; x_wconf 85' lang='lat' dir='ltr'><strong>ad</strong></span> <span class='ocrx_word' id='word_1_271' title='bbox 323 2127 424 2170; x_wconf 87' lang='lat' dir='ltr'><strong>haec</strong></span> <span class='ocrx_word' id='word_1_272' title='bbox 453 2132 810 2183; x_wconf 84' lang='lat' dir='ltr'><strong>provocaverunt:</strong></span> 
     </span>
    </p>
   </div>
   <div class='ocr_carea' id='block_1_5' title="bbox 248 2210 527 2217">
    <p class='ocr_par' dir='ltr' id='par_1_6' title="bbox 248 2210 527 2217">
     <span class='ocr_line' id='line_1_34' title="bbox 248 2210 527 2217; baseline 0 0"><span class='ocrx_word' id='word_1_273' title='bbox 248 2210 527 2217; x_wconf 95' lang='lat' dir='ltr'><strong> </strong></span> 
     </span>
    </p>
   </div>
   <div class='ocr_carea' id='block_1_6' title="bbox 245 2242 1802 2759">
    <p class='ocr_par' dir='ltr' id='par_1_7' title="bbox 245 2242 1799 2571">
     <span class='ocr_line' id='line_1_35' title="bbox 246 2242 1798 2290; baseline 0.001 -12"><span class='ocrx_word' id='word_1_274' title='bbox 246 2242 520 2279; x_wconf 85' lang='lat' dir='ltr'><strong>iibertreibende</strong></span> <span class='ocrx_word' id='word_1_275' title='bbox 546 2244 688 2289; x_wconf 87' lang='lat' dir='ltr'><strong>Gegner</strong></span> <span class='ocrx_word' id='word_1_276' title='bbox 711 2244 811 2279; x_wconf 91' lang='lat' dir='ltr'><strong>nicht</strong></span> <span class='ocrx_word' id='word_1_277' title='bbox 834 2246 1023 2290; x_wconf 82' lang='lat' dir='ltr'><strong>gestatten.</strong></span> <span class='ocrx_word' id='word_1_278' title='bbox 1072 2244 1180 2279; x_wconf 89' lang='lat' dir='ltr'><strong>Hatte</strong></span> <span class='ocrx_word' id='word_1_279' title='bbox 1197 2244 1331 2279; x_wconf 85' lang='lat' dir='ltr'><strong>Terenz</strong></span> <span class='ocrx_word' id='word_1_280' title='bbox 1350 2244 1460 2279; x_wconf 82' lang='lat' dir='ltr'><strong>sehon</strong></span> <span class='ocrx_word' id='word_1_281' title='bbox 1477 2244 1556 2279; x_wconf 88' lang='lat' dir='ltr'><strong>vier</strong></span> <span class='ocrx_word' id='word_1_282' title='bbox 1577 2244 1798 2290; x_wconf 88' lang='lat' dir='ltr'><strong>griechische</strong></span> 
     </span>
     <span class='ocr_line' id='line_1_36' title="bbox 246 2290 1798 2337; baseline 0 -11"><span class='ocrx_word' id='word_1_283' title='bbox 246 2290 376 2326; x_wconf 83' lang='lat' dir='ltr'><strong>Stiicke</strong></span> <span class='ocrx_word' id='word_1_284' title='bbox 402 2302 446 2326; x_wconf 91' lang='lat' dir='ltr'><strong>zu</strong></span> <span class='ocrx_word' id='word_1_285' title='bbox 471 2291 557 2326; x_wconf 86' lang='lat' dir='ltr'><strong>zwei</strong></span> <span class='ocrx_word' id='word_1_286' title='bbox 582 2291 813 2327; x_wconf 85' lang='lat' dir='ltr'><strong>lateinischen</strong></span> <span class='ocrx_word' id='word_1_287' title='bbox 839 2291 1071 2336; x_wconf 86' lang='lat' dir='ltr'><strong>verarbeitet,</strong></span> <span class='ocrx_word' id='word_1_288' title='bbox 1103 2302 1141 2327; x_wconf 92' lang='lat' dir='ltr'><strong>so</strong></span> <span class='ocrx_word' id='word_1_289' title='bbox 1165 2291 1249 2337; x_wconf 85' lang='lat' dir='ltr'><strong>ging</strong></span> <span class='ocrx_word' id='word_1_290' title='bbox 1272 2302 1312 2327; x_wconf 87' lang='lat' dir='ltr'><strong>es</strong></span> <span class='ocrx_word' id='word_1_291' title='bbox 1338 2292 1426 2327; x_wconf 87' lang='lat' dir='ltr'><strong>eher</strong></span> <span class='ocrx_word' id='word_1_292' title='bbox 1449 2293 1529 2327; x_wconf 87' lang='lat' dir='ltr'><strong>an.“</strong></span> <span class='ocrx_word' id='word_1_293' title='bbox 1578 2291 1647 2328; x_wconf 87' lang='lat' dir='ltr'><strong>Sed</strong></span> <span class='ocrx_word' id='word_1_294' title='bbox 1673 2292 1798 2327; x_wconf 85' lang='lat' dir='ltr'><strong>adver-</strong></span> 
     </span>
     <span class='ocr_line' id='line_1_37' title="bbox 246 2338 1799 2384; baseline 0.001 -12"><span class='ocrx_word' id='word_1_295' title='bbox 246 2338 330 2372; x_wconf 84' lang='lat' dir='ltr'><strong>sarii</strong></span> <span class='ocrx_word' id='word_1_296' title='bbox 367 2338 434 2374; x_wconf 92' lang='lat' dir='ltr'><strong>hoc</strong></span> <span class='ocrx_word' id='word_1_297' title='bbox 470 2339 596 2373; x_wconf 72' lang='lat' dir='ltr'><strong>vitium</strong></span> <span class='ocrx_word' id='word_1_298' title='bbox 632 2339 702 2373; x_wconf 88' lang='lat' dir='ltr'><strong>iam</strong></span> <span class='ocrx_word' id='word_1_299' title='bbox 739 2341 821 2374; x_wconf 84' lang='lat' dir='ltr'><strong>ante</strong></span> <span class='ocrx_word' id='word_1_300' title='bbox 857 2339 1250 2374; x_wconf 85' lang='lat' dir='ltr'><strong>Heautontimorumeni</strong></span> <span class='ocrx_word' id='word_1_301' title='bbox 1286 2339 1435 2384; x_wconf 86' lang='lat' dir='ltr'><strong>primam</strong></span> <span class='ocrx_word' id='word_1_302' title='bbox 1471 2339 1656 2382; x_wconf 76' lang='lat' dir='ltr'><strong>actionem,</strong></span> <span class='ocrx_word' id='word_1_303' title='bbox 1694 2340 1799 2374; x_wconf 79' lang='lat' dir='ltr'><strong>hujus</strong></span> 
     </span>
     <span class='ocr_line' id='line_1_38' title="bbox 245 2385 1799 2429; baseline 0.001 -10"><span class='ocrx_word' id='word_1_304' title='bbox 245 2385 352 2429; x_wconf 84' lang='lat' dir='ltr'><strong>igitur</strong></span> <span class='ocrx_word' id='word_1_305' title='bbox 386 2385 526 2420; x_wconf 80' lang='lat' dir='ltr'><strong>fabulae</strong></span> <span class='ocrx_word' id='word_1_306' title='bbox 563 2385 699 2420; x_wconf 84' lang='lat' dir='ltr'><strong>ratione</strong></span> <span class='ocrx_word' id='word_1_307' title='bbox 734 2396 807 2421; x_wconf 90' lang='lat' dir='ltr'><strong>non</strong></span> <span class='ocrx_word' id='word_1_308' title='bbox 843 2385 963 2421; x_wconf 83' lang='lat' dir='ltr'><strong>habita</strong></span> <span class='ocrx_word' id='word_1_309' title='bbox 996 2385 1160 2420; x_wconf 88' lang='lat' dir='ltr'><strong>Terentio</strong></span> <span class='ocrx_word' id='word_1_310' title='bbox 1191 2385 1407 2420; x_wconf 87' lang='lat' dir='ltr'><strong>obiecerunt.</strong></span> <span class='ocrx_word' id='word_1_311' title='bbox 1446 2386 1680 2429; x_wconf 83' lang='lat' dir='ltr'><strong>Quamobrem</strong></span> <span class='ocrx_word' id='word_1_312' title='bbox 1705 2386 1799 2420; x_wconf 86' lang='lat' dir='ltr'><strong>sitne</strong></span> 
     </span>
     <span class='ocr_line' id='line_1_39' title="bbox 246 2431 1798 2476; baseline 0.001 -11"><span class='ocrx_word' id='word_1_313' title='bbox 246 2431 663 2468; x_wconf 86' lang='lat' dir='ltr'><strong>Heautontimorumenos</strong></span> <span class='ocrx_word' id='word_1_314' title='bbox 688 2433 924 2468; x_wconf 80' lang='lat' dir='ltr'><strong>contaminata</strong></span> <span class='ocrx_word' id='word_1_315' title='bbox 946 2443 1079 2473; x_wconf 85' lang='lat' dir='ltr'><strong>necne,</strong></span> <span class='ocrx_word' id='word_1_316' title='bbox 1110 2433 1153 2466; x_wconf 88' lang='lat' dir='ltr'><strong>ad</strong></span> <span class='ocrx_word' id='word_1_317' title='bbox 1177 2433 1269 2467; x_wconf 86' lang='lat' dir='ltr'><strong>hanc</strong></span> <span class='ocrx_word' id='word_1_318' title='bbox 1294 2433 1536 2476; x_wconf 84' lang='lat' dir='ltr'><strong>quaestionem</strong></span> <span class='ocrx_word' id='word_1_319' title='bbox 1561 2433 1650 2467; x_wconf 85' lang='lat' dir='ltr'><strong>nihil</strong></span> <span class='ocrx_word' id='word_1_320' title='bbox 1674 2433 1798 2468; x_wconf 76' lang='lat' dir='ltr'><strong>refe1t.</strong></span> 
     </span>
     <span class='ocr_line' id='line_1_40' title="bbox 246 2477 1799 2525; baseline 0.001 -12"><span class='ocrx_word' id='word_1_321' title='bbox 246 2477 382 2513; x_wconf 91' lang='lat' dir='ltr'><strong>Deinde</strong></span> <span class='ocrx_word' id='word_1_322' title='bbox 408 2490 454 2514; x_wconf 90' lang='lat' dir='ltr'><strong>ex</strong></span> <span class='ocrx_word' id='word_1_323' title='bbox 467 2479 530 2523; x_wconf 86' lang='lat' dir='ltr'><strong>eis,</strong></span> <span class='ocrx_word' id='word_1_324' title='bbox 556 2490 645 2524; x_wconf 86' lang='lat' dir='ltr'><strong>quae</strong></span> <span class='ocrx_word' id='word_1_325' title='bbox 670 2479 877 2515; x_wconf 84' lang='lat' dir='ltr'><strong>Skutschins</strong></span> <span class='ocrx_word' id='word_1_326' title='bbox 901 2480 1047 2525; x_wconf 79' lang='lat' dir='ltr'><strong>profert,</strong></span> <span class='ocrx_word' id='word_1_327' title='bbox 1073 2479 1220 2514; x_wconf 89' lang='lat' dir='ltr'><strong>minime</strong></span> <span class='ocrx_word' id='word_1_328' title='bbox 1245 2489 1415 2524; x_wconf 84' lang='lat' dir='ltr'><strong>apparere</strong></span> <span class='ocrx_word' id='word_1_329' title='bbox 1439 2479 1530 2515; x_wconf 81' lang='lat' dir='ltr'><strong>hanc</strong></span> <span class='ocrx_word' id='word_1_330' title='bbox 1543 2479 1698 2514; x_wconf 80' lang='lat' dir='ltr'><strong>fabulam</strong></span> <span class='ocrx_word' id='word_1_331' title='bbox 1715 2491 1799 2514; x_wconf 90' lang='lat' dir='ltr'><strong>con-</strong></span> 
     </span>
     <span class='ocr_line' id='line_1_41' title="bbox 247 2525 1302 2571; baseline 0.001 -11"><span class='ocrx_word' id='word_1_332' title='bbox 247 2526 451 2561; x_wconf 85' lang='lat' dir='ltr'><strong>taminatam</strong></span> <span class='ocrx_word' id='word_1_333' title='bbox 478 2536 557 2562; x_wconf 89' lang='lat' dir='ltr'><strong>esse</strong></span> <span class='ocrx_word' id='word_1_334' title='bbox 581 2526 678 2562; x_wconf 86' lang='lat' dir='ltr'><strong>infra</strong></span> <span class='ocrx_word' id='word_1_335' title='bbox 700 2525 947 2562; x_wconf 68' lang='lat' dir='ltr'><strong>demonstr-alio</strong></span> <span class='ocrx_word' id='word_1_336' title='bbox 971 2527 1034 2569; x_wconf 81' lang='lat' dir='ltr'><strong>(cf.</strong></span> <span class='ocrx_word' id='word_1_337' title='bbox 1060 2536 1134 2571; x_wconf 87' lang='lat' dir='ltr'><strong>cap.</strong></span> <span class='ocrx_word' id='word_1_338' title='bbox 1160 2526 1194 2561; x_wconf 91' lang='lat' dir='ltr'><strong>V</strong></span> <span class='ocrx_word' id='word_1_339' title='bbox 1219 2526 1302 2571; x_wconf 59' lang='lat'>52).</span> 
     </span>
    </p>

    <p class='ocr_par' dir='ltr' id='par_1_8' title="bbox 245 2572 1802 2759">
     <span class='ocr_line' id='line_1_42' title="bbox 367 2572 1799 2618; baseline 0 -10"><span class='ocrx_word' id='word_1_340' title='bbox 367 2573 407 2616; x_wconf 75' lang='lat'><strong>⁷⁰)</strong></span> <span class='ocrx_word' id='word_1_341' title='bbox 432 2573 510 2608; x_wconf 89' lang='lat' dir='ltr'><strong>Hoc</strong></span> <span class='ocrx_word' id='word_1_342' title='bbox 547 2574 687 2608; x_wconf 88' lang='lat' dir='ltr'><strong>censuit</strong></span> <span class='ocrx_word' id='word_1_343' title='bbox 705 2573 1012 2609; x_wconf 85' lang='lat' dir='ltr'><strong>Paeekelmannus</strong></span> <span class='ocrx_word' id='word_1_344' title='bbox 1042 2572 1065 2617; x_wconf 86' lang='lat' dir='ltr'><strong>l.</strong></span> <span class='ocrx_word' id='word_1_345' title='bbox 1089 2583 1117 2608; x_wconf 88' lang='lat' dir='ltr'><strong>s.</strong></span> <span class='ocrx_word' id='word_1_346' title='bbox 1142 2583 1169 2608; x_wconf 81' lang='lat' dir='ltr'><strong>S.</strong></span> <span class='ocrx_word' id='word_1_347' title='bbox 1194 2584 1227 2618; x_wconf 88' lang='lat' dir='ltr'><strong>p.</strong></span> <span class='ocrx_word' id='word_1_348' title='bbox 1252 2573 1309 2608; x_wconf 83' lang='lat'><strong>32.</strong></span> <span class='ocrx_word' id='word_1_349' title='bbox 1358 2575 1475 2618; x_wconf 86' lang='lat' dir='ltr'><strong>Atque</strong></span> <span class='ocrx_word' id='word_1_350' title='bbox 1499 2574 1567 2608; x_wconf 86' lang='lat' dir='ltr'><strong>hoc</strong></span> <span class='ocrx_word' id='word_1_351' title='bbox 1592 2573 1699 2608; x_wconf 87' lang='lat' dir='ltr'><strong>etiam</strong></span> <span class='ocrx_word' id='word_1_352' title='bbox 1723 2574 1799 2608; x_wconf 83' lang='lat' dir='ltr'><strong>ani-</strong></span> 
     </span>
     <span class='ocr_line' id='line_1_43' title="bbox 245 2619 1802 2668; baseline 0.001 -13"><span class='ocrx_word' id='word_1_353' title='bbox 245 2619 539 2657; x_wconf 85' lang='lat' dir='ltr'><strong>madvertendum</strong></span> <span class='ocrx_word' id='word_1_354' title='bbox 564 2621 621 2657; x_wconf 82' lang='lat' dir='ltr'><strong>est:</strong></span> <span class='ocrx_word' id='word_1_355' title='bbox 634 2621 774 2667; x_wconf 86' lang='lat' dir='ltr'><strong>poetam</strong></span> <span class='ocrx_word' id='word_1_356' title='bbox 796 2620 833 2656; x_wconf 91' lang='lat' dir='ltr'><strong>in</strong></span> <span class='ocrx_word' id='word_1_357' title='bbox 849 2620 1243 2657; x_wconf 84' lang='lat' dir='ltr'><strong>Heautontimorumeni</strong></span> <span class='ocrx_word' id='word_1_358' title='bbox 1259 2620 1411 2668; x_wconf 87' lang='lat' dir='ltr'><strong>prologo,</strong></span> <span class='ocrx_word' id='word_1_359' title='bbox 1437 2632 1543 2667; x_wconf 89' lang='lat' dir='ltr'><strong>quem</strong></span> <span class='ocrx_word' id='word_1_360' title='bbox 1559 2620 1643 2667; x_wconf 84' lang='lat' dir='ltr'><strong>quia</strong></span> <span class='ocrx_word' id='word_1_361' title='bbox 1656 2620 1802 2667; x_wconf 86' lang='lat' dir='ltr'><strong>Hecyra</strong></span> 
     </span>
     <span class='ocr_line' id='line_1_44' title="bbox 245 2667 1802 2714; baseline 0.003 -13"><span class='ocrx_word' id='word_1_362' title='bbox 245 2667 304 2710; x_wconf 77' lang='grc' dir='ltr'>(Ι.)</span> <span class='ocrx_word' id='word_1_363' title='bbox 335 2669 441 2704; x_wconf 82' lang='lat' dir='ltr'><strong>antea</strong></span> <span class='ocrx_word' id='word_1_364' title='bbox 469 2679 541 2704; x_wconf 91' lang='lat' dir='ltr'><strong>non</strong></span> <span class='ocrx_word' id='word_1_365' title='bbox 571 2669 749 2713; x_wconf 85' lang='lat' dir='ltr'><strong>steterat,·</strong></span> <span class='ocrx_word' id='word_1_366' title='bbox 772 2669 840 2713; x_wconf 87' lang='lat' dir='ltr'><strong>ipsi</strong></span> <span class='ocrx_word' id='word_1_367' title='bbox 869 2669 1031 2704; x_wconf 88' lang='lat' dir='ltr'><strong>Ambivio</strong></span> <span class='ocrx_word' id='word_1_368' title='bbox 1062 2669 1360 2713; x_wconf 88' lang='lat' dir='ltr'><strong>pronuntiandum</strong></span> <span class='ocrx_word' id='word_1_369' title='bbox 1391 2669 1545 2714; x_wconf 83' lang='lat' dir='ltr'><strong>tradidit,</strong></span> <span class='ocrx_word' id='word_1_370' title='bbox 1580 2670 1625 2705; x_wconf 92' lang='lat' dir='ltr'><strong>de</strong></span> <span class='ocrx_word' id='word_1_371' title='bbox 1656 2669 1802 2713; x_wconf 84' lang='lat' dir='ltr'><strong>Hecyra</strong></span> 
     </span>
     <span class='ocr_line' id='line_1_45' title="bbox 245 2713 1202 2759; baseline 0.005 -14"><span class='ocrx_word' id='word_1_372' title='bbox 245 2713 437 2748; x_wconf 80' lang='lat' dir='ltr'><strong>infeliciter</strong></span> <span class='ocrx_word' id='word_1_373' title='bbox 460 2716 538 2749; x_wconf 82' lang='lat' dir='ltr'><strong>acta</strong></span> <span class='ocrx_word' id='word_1_374' title='bbox 561 2726 607 2749; x_wconf 88' lang='lat' dir='ltr'><strong>ne</strong></span> <span class='ocrx_word' id='word_1_375' title='bbox 635 2726 742 2749; x_wconf 88' lang='lat' dir='ltr'><strong>unum</strong></span> <span class='ocrx_word' id='word_1_376' title='bbox 768 2715 908 2759; x_wconf 86' lang='lat' dir='ltr'><strong>quidem</strong></span> <span class='ocrx_word' id='word_1_377' title='bbox 933 2715 1082 2750; x_wconf 86' lang='lat' dir='ltr'><strong>verbum</strong></span> <span class='ocrx_word' id='word_1_378' title='bbox 1107 2715 1202 2750; x_wconf 83' lang='lat' dir='ltr'><strong>facit.</strong></span> 
     </span>
    </p>
   </div>
   <div class='ocr_carea' id='block_1_7' title="bbox 1516 2775 1557 2809">
    <p class='ocr_par' dir='ltr' id='par_1_9' title="bbox 1516 2775 1557 2809">
     <span class='ocr_line' id='line_1_46' title="bbox 1516 2775 1557 2809; baseline 0 -16"><span class='ocrx_word' id='word_1_379' title='bbox 1516 2775 1557 2809; x_wconf 75' lang='lat'><strong>3.</strong></span> 
     </span>
    </p>
   </div>
   <div class='ocr_carea' id='block_1_8' title="bbox 0 2822 2067 3311">
    <p class='ocr_par' dir='ltr' id='par_1_10' title="bbox 0 2822 2067 3311">
     <span class='ocr_line' id='line_1_47' title="bbox 0 2822 2067 3311; baseline 0 0"><span class='ocrx_word' id='word_1_380' title='bbox 0 2822 2067 3311; x_wconf 95' lang='lat' dir='ltr'><strong> </strong></span> 
     </span>
    </p>
   </div>
  </div>
 </body>
</html>
