<?xml version="1.0" encoding="UTF-8"?>
<!DOCTYPE html PUBLIC "-//W3C//DTD XHTML 1.0 Transitional//EN"
    "http://www.w3.org/TR/xhtml1/DTD/xhtml1-transitional.dtd">
<html xmlns="http://www.w3.org/1999/xhtml" xml:lang="en" lang="en">
 <head>
  <title>
</title>
<meta http-equiv="Content-Type" content="text/html;charset=utf-8" />
  <meta name='ocr-system' content='tesseract 3.04.00' />
  <meta name='ocr-capabilities' content='ocr_page ocr_carea ocr_par ocr_line ocrx_word'/>
</head>
<body>
  <div class='ocr_page' id='page_1' title='image "4626077_0072.png"; bbox 0 0 2067 3311; ppageno 0'>
   <div class='ocr_carea' id='block_1_1' title="bbox 945 139 1239 181">
    <p class='ocr_par' dir='ltr' id='par_1_1' title="bbox 945 139 1239 181">
     <span class='ocr_line' id='line_1_1' title="bbox 945 139 1239 181; baseline -0.003 -10"><span class='ocrx_word' id='word_1_1' title='bbox 945 139 1239 181; x_wconf 74' lang='lat'><strong>—66—</strong></span> 
     </span>
    </p>
   </div>
   <div class='ocr_carea' id='block_1_2' title="bbox 314 258 1869 788">
    <p class='ocr_par' dir='ltr' id='par_1_2' title="bbox 314 258 1869 788">
     <span class='ocr_line' id='line_1_2' title="bbox 529 258 1660 313; baseline 0.001 -13"><span class='ocrx_word' id='word_1_2' title='bbox 529 258 630 313; x_wconf 92' lang='lat' dir='ltr'>„Ille</span> <span class='ocrx_word' id='word_1_3' title='bbox 661 259 711 300; x_wconf 86' lang='lat' dir='ltr'>ad</span> <span class='ocrx_word' id='word_1_4' title='bbox 743 258 895 300; x_wconf 86' lang='lat' dir='ltr'>famem</span> <span class='ocrx_word' id='word_1_5' title='bbox 928 259 1041 300; x_wconf 90' lang='lat' dir='ltr'>hunc</span> <span class='ocrx_word' id='word_1_6' title='bbox 1072 272 1097 300; x_wconf 92' lang='lat' dir='ltr'>a</span> <span class='ocrx_word' id='word_1_7' title='bbox 1127 259 1265 300; x_wconf 90' lang='lat' dir='ltr'>studio</span> <span class='ocrx_word' id='word_1_8' title='bbox 1296 259 1459 300; x_wconf 89' lang='lat' dir='ltr'>studuit</span> <span class='ocrx_word' id='word_1_9' title='bbox 1489 260 1660 301; x_wconf 81' lang='lat' dir='ltr'>reicere:</span> 
     </span>
     <span class='ocr_line' id='line_1_3' title="bbox 527 318 1506 374; baseline 0 -14"><span class='ocrx_word' id='word_1_10' title='bbox 527 318 611 360; x_wconf 91' lang='lat' dir='ltr'>Hic</span> <span class='ocrx_word' id='word_1_11' title='bbox 640 318 946 374; x_wconf 90' lang='lat' dir='ltr'>respondere</span> <span class='ocrx_word' id='word_1_12' title='bbox 979 319 1123 373; x_wconf 86' lang='lat' dir='ltr'>voluit,</span> <span class='ocrx_word' id='word_1_13' title='bbox 1153 331 1236 360; x_wconf 92' lang='lat' dir='ltr'>non</span> <span class='ocrx_word' id='word_1_14' title='bbox 1268 318 1506 360; x_wconf 87' lang='lat' dir='ltr'>lacessere“.</span> 
     </span>
     <span class='ocr_line' id='line_1_4' title="bbox 435 377 1413 433; baseline 0 -13"><span class='ocrx_word' id='word_1_15' title='bbox 435 377 636 420; x_wconf 82' lang='lat' dir='ltr'>Similiter</span> <span class='ocrx_word' id='word_1_16' title='bbox 665 379 709 419; x_wconf 90' lang='lat' dir='ltr'>in</span> <span class='ocrx_word' id='word_1_17' title='bbox 741 377 852 420; x_wconf 86' lang='lat' dir='ltr'>Eun.</span> <span class='ocrx_word' id='word_1_18' title='bbox 883 379 986 433; x_wconf 87' lang='lat' dir='ltr'>prol.</span> <span class='ocrx_word' id='word_1_19' title='bbox 1018 379 1118 420; x_wconf 89' lang='lat' dir='ltr'>dicit</span> <span class='ocrx_word' id='word_1_20' title='bbox 1148 379 1203 432; x_wconf 82' lang='lat' dir='ltr'>(v,</span> <span class='ocrx_word' id='word_1_21' title='bbox 1229 379 1257 418; x_wconf 87' lang='lat'>4</span> <span class='ocrx_word' id='word_1_22' title='bbox 1287 380 1413 433; x_wconf 92' lang='lat' dir='ltr'>sqq.):</span> 
     </span>
     <span class='ocr_line' id='line_1_5' title="bbox 527 436 1718 493; baseline 0.001 -16"><span class='ocrx_word' id='word_1_23' title='bbox 527 436 656 490; x_wconf 88' lang='lat' dir='ltr'>„Tum</span> <span class='ocrx_word' id='word_1_24' title='bbox 686 438 724 478; x_wconf 89' lang='lat' dir='ltr'>si</span> <span class='ocrx_word' id='word_1_25' title='bbox 749 438 845 492; x_wconf 91' lang='lat' dir='ltr'>quis</span> <span class='ocrx_word' id='word_1_26' title='bbox 876 442 952 492; x_wconf 91' lang='lat' dir='ltr'>est,</span> <span class='ocrx_word' id='word_1_27' title='bbox 982 438 1055 493; x_wconf 90' lang='lat' dir='ltr'>qui</span> <span class='ocrx_word' id='word_1_28' title='bbox 1087 438 1242 479; x_wconf 90' lang='lat' dir='ltr'>dictum</span> <span class='ocrx_word' id='word_1_29' title='bbox 1275 438 1317 478; x_wconf 88' lang='lat' dir='ltr'>in</span> <span class='ocrx_word' id='word_1_30' title='bbox 1351 449 1396 478; x_wconf 89' lang='lat' dir='ltr'>se</span> <span class='ocrx_word' id='word_1_31' title='bbox 1426 438 1718 479; x_wconf 84' lang='lat' dir='ltr'>inclementius</span> 
     </span>
     <span class='ocr_line' id='line_1_6' title="bbox 528 495 1305 550; baseline 0 -12"><span class='ocrx_word' id='word_1_32' title='bbox 528 495 815 539; x_wconf 84' lang='lat' dir='ltr'>Existumabit</span> <span class='ocrx_word' id='word_1_33' title='bbox 845 509 948 550; x_wconf 86' lang='lat' dir='ltr'>esse,</span> <span class='ocrx_word' id='word_1_34' title='bbox 978 498 1038 539; x_wconf 93' lang='lat' dir='ltr'>sic</span> <span class='ocrx_word' id='word_1_35' title='bbox 1068 497 1305 550; x_wconf 85' lang='lat' dir='ltr'>existumet,</span> 
     </span>
     <span class='ocr_line' id='line_1_7' title="bbox 525 554 1756 611; baseline -0.001 -14"><span class='ocrx_word' id='word_1_36' title='bbox 525 554 857 611; x_wconf 84' lang='lat' dir='ltr'>Responsum,</span> <span class='ocrx_word' id='word_1_37' title='bbox 888 568 971 597; x_wconf 91' lang='lat' dir='ltr'>non</span> <span class='ocrx_word' id='word_1_38' title='bbox 1005 556 1162 597; x_wconf 88' lang='lat' dir='ltr'>dictum</span> <span class='ocrx_word' id='word_1_39' title='bbox 1195 568 1297 606; x_wconf 87' lang='lat' dir='ltr'>esse,</span> <span class='ocrx_word' id='word_1_40' title='bbox 1329 556 1429 611; x_wconf 89' lang='lat' dir='ltr'>quia</span> <span class='ocrx_word' id='word_1_41' title='bbox 1458 556 1580 597; x_wconf 86' lang='lat' dir='ltr'>laesit</span> <span class='ocrx_word' id='word_1_42' title='bbox 1610 556 1756 610; x_wconf 43' lang='lat' dir='ltr'>prior&amp;</span> 
     </span>
     <span class='ocr_line' id='line_1_8' title="bbox 434 614 1867 671; baseline -0.001 -14"><span class='ocrx_word' id='word_1_43' title='bbox 434 614 702 671; x_wconf 87' lang='lat' dir='ltr'>Unaquaque</span> <span class='ocrx_word' id='word_1_44' title='bbox 737 615 866 671; x_wconf 88' lang='lat' dir='ltr'>igitur</span> <span class='ocrx_word' id='word_1_45' title='bbox 902 615 1119 656; x_wconf 84' lang='lat' dir='ltr'>occasione</span> <span class='ocrx_word' id='word_1_46' title='bbox 1156 614 1251 656; x_wconf 87' lang='lat' dir='ltr'>data</span> <span class='ocrx_word' id='word_1_47' title='bbox 1280 614 1498 657; x_wconf 82' lang='lat' dir='ltr'>Terentius</span> <span class='ocrx_word' id='word_1_48' title='bbox 1534 619 1678 657; x_wconf 90' lang='lat' dir='ltr'>monet</span> <span class='ocrx_word' id='word_1_49' title='bbox 1707 627 1753 657; x_wconf 88' lang='lat' dir='ltr'>se</span> <span class='ocrx_word' id='word_1_50' title='bbox 1782 627 1867 656; x_wconf 91' lang='lat' dir='ltr'>non</span> 
     </span>
     <span class='ocr_line' id='line_1_9' title="bbox 317 673 1869 730; baseline -0.001 -14"><span class='ocrx_word' id='word_1_51' title='bbox 317 674 427 716; x_wconf 84' lang='lat' dir='ltr'>ultro</span> <span class='ocrx_word' id='word_1_52' title='bbox 465 687 710 730; x_wconf 86' lang='lat' dir='ltr'>aggressum</span> <span class='ocrx_word' id='word_1_53' title='bbox 741 686 849 726; x_wconf 89' lang='lat' dir='ltr'>esse,</span> <span class='ocrx_word' id='word_1_54' title='bbox 886 674 956 715; x_wconf 90' lang='lat' dir='ltr'>sed</span> <span class='ocrx_word' id='word_1_55' title='bbox 989 673 1041 715; x_wconf 89' lang='lat' dir='ltr'>ab</span> <span class='ocrx_word' id='word_1_56' title='bbox 1073 674 1321 716; x_wconf 86' lang='lat' dir='ltr'>adversariis</span> <span class='ocrx_word' id='word_1_57' title='bbox 1351 674 1587 716; x_wconf 87' lang='lat' dir='ltr'>lacessitum</span> <span class='ocrx_word' id='word_1_58' title='bbox 1619 674 1869 729; x_wconf 86' lang='lat' dir='ltr'>respondere</span> 
     </span>
     <span class='ocr_line' id='line_1_10' title="bbox 314 732 1868 788; baseline 0 -14"><span class='ocrx_word' id='word_1_59' title='bbox 314 733 381 788; x_wconf 90' lang='lat' dir='ltr'>(cf.</span> <span class='ocrx_word' id='word_1_60' title='bbox 413 734 544 775; x_wconf 85' lang='lat' dir='ltr'>Andr.</span> <span class='ocrx_word' id='word_1_61' title='bbox 576 733 677 788; x_wconf 88' lang='lat' dir='ltr'>prol.</span> <span class='ocrx_word' id='word_1_62' title='bbox 709 746 747 773; x_wconf 89' lang='lat' dir='ltr'>v.</span> <span class='ocrx_word' id='word_1_63' title='bbox 776 732 821 787; x_wconf 77' lang='lat'>73</span> <span class='ocrx_word' id='word_1_64' title='bbox 853 732 1005 774; x_wconf 88' lang='lat' dir='ltr'>Heaut.</span> <span class='ocrx_word' id='word_1_65' title='bbox 1036 733 1137 787; x_wconf 92' lang='lat' dir='ltr'>prol.</span> <span class='ocrx_word' id='word_1_66' title='bbox 1168 746 1207 774; x_wconf 90' lang='lat' dir='ltr'>v.</span> <span class='ocrx_word' id='word_1_67' title='bbox 1234 734 1289 774; x_wconf 88' lang='lat'>33</span> <span class='ocrx_word' id='word_1_68' title='bbox 1314 734 1407 788; x_wconf 81' lang='lat' dir='ltr'>sq),</span> <span class='ocrx_word' id='word_1_69' title='bbox 1438 746 1521 788; x_wconf 84' lang='lat' dir='ltr'>qua</span> <span class='ocrx_word' id='word_1_70' title='bbox 1545 745 1590 775; x_wconf 91' lang='lat' dir='ltr'>re</span> <span class='ocrx_word' id='word_1_71' title='bbox 1614 745 1659 774; x_wconf 89' lang='lat' dir='ltr'>se</span> <span class='ocrx_word' id='word_1_72' title='bbox 1682 734 1868 775; x_wconf 87' lang='lat' dir='ltr'>favorem</span> 
     </span>
    </p>
   </div>
   <div class='ocr_carea' id='block_1_3' title="bbox 305 790 1869 2671">
    <p class='ocr_par' dir='ltr' id='par_1_3' title="bbox 313 790 1258 848">
     <span class='ocr_line' id='line_1_11' title="bbox 313 790 1258 848; baseline -0.001 -14"><span class='ocrx_word' id='word_1_73' title='bbox 313 793 459 848; x_wconf 90' lang='lat' dir='ltr'>populi</span> <span class='ocrx_word' id='word_1_74' title='bbox 490 792 569 834; x_wconf 88' lang='lat' dir='ltr'>sibi</span> <span class='ocrx_word' id='word_1_75' title='bbox 601 792 922 834; x_wconf 88' lang='lat' dir='ltr'>conciliaturum</span> <span class='ocrx_word' id='word_1_76' title='bbox 954 804 1045 833; x_wconf 88' lang='lat' dir='ltr'>esse</span> <span class='ocrx_word' id='word_1_77' title='bbox 1075 790 1258 848; x_wconf 82' lang='lat' dir='ltr'>sperat..⁹)</span> 
     </span>
    </p>

    <p class='ocr_par' dir='ltr' id='par_1_4' title="bbox 314 851 1867 1023">
     <span class='ocr_line' id='line_1_12' title="bbox 527 851 1867 905; baseline 0.001 -15"><span class='ocrx_word' id='word_1_78' title='bbox 527 851 686 892; x_wconf 90' lang='lat' dir='ltr'>Verum</span> <span class='ocrx_word' id='word_1_79' title='bbox 730 851 782 891; x_wconf 93' lang='lat' dir='ltr'>ad</span> <span class='ocrx_word' id='word_1_80' title='bbox 822 851 883 904; x_wconf 90' lang='lat' dir='ltr'>id,</span> <span class='ocrx_word' id='word_1_81' title='bbox 926 851 1039 891; x_wconf 89' lang='lat' dir='ltr'>unde</span> <span class='ocrx_word' id='word_1_82' title='bbox 1076 852 1270 905; x_wconf 82' lang='lat' dir='ltr'>degressa</span> <span class='ocrx_word' id='word_1_83' title='bbox 1306 856 1367 892; x_wconf 88' lang='lat' dir='ltr'>est</span> <span class='ocrx_word' id='word_1_84' title='bbox 1406 852 1554 905; x_wconf 89' lang='lat' dir='ltr'>oratio,</span> <span class='ocrx_word' id='word_1_85' title='bbox 1596 856 1867 892; x_wconf 89' lang='lat' dir='ltr'>revertamur.</span> 
     </span>
     <span class='ocr_line' id='line_1_13' title="bbox 314 908 1867 965; baseline -0.001 -13"><span class='ocrx_word' id='word_1_86' title='bbox 314 908 524 960; x_wconf 84' lang='lat' dir='ltr'>Quaerere</span> <span class='ocrx_word' id='word_1_87' title='bbox 568 910 762 965; x_wconf 84' lang='lat' dir='ltr'>deinceps</span> <span class='ocrx_word' id='word_1_88' title='bbox 806 913 982 965; x_wconf 86' lang='lat' dir='ltr'>oportet,</span> <span class='ocrx_word' id='word_1_89' title='bbox 1026 922 1209 965; x_wconf 89' lang='lat' dir='ltr'>quonam</span> <span class='ocrx_word' id='word_1_90' title='bbox 1255 911 1378 952; x_wconf 89' lang='lat' dir='ltr'>modo</span> <span class='ocrx_word' id='word_1_91' title='bbox 1414 910 1641 952; x_wconf 87' lang='lat' dir='ltr'>adversarii</span> <span class='ocrx_word' id='word_1_92' title='bbox 1676 909 1867 953; x_wconf 85' lang='lat' dir='ltr'>Terentio</span> 
     </span>
     <span class='ocr_line' id='line_1_14' title="bbox 314 968 1072 1023; baseline 0 -14"><span class='ocrx_word' id='word_1_93' title='bbox 314 969 481 1023; x_wconf 87' lang='lat' dir='ltr'>singula</span> <span class='ocrx_word' id='word_1_94' title='bbox 511 970 688 1011; x_wconf 89' lang='lat' dir='ltr'>crimina</span> <span class='ocrx_word' id='word_1_95' title='bbox 718 968 1072 1023; x_wconf 84' lang='lat' dir='ltr'>exprobraverint.</span> 
     </span>
    </p>

    <p class='ocr_par' dir='ltr' id='par_1_5' title="bbox 311 1026 1869 1142">
     <span class='ocr_line' id='line_1_15' title="bbox 432 1026 1867 1082; baseline 0.001 -13"><span class='ocrx_word' id='word_1_96' title='bbox 432 1026 525 1077; x_wconf 86' lang='lat' dir='ltr'>Qua</span> <span class='ocrx_word' id='word_1_97' title='bbox 545 1029 587 1068; x_wconf 90' lang='lat' dir='ltr'>in</span> <span class='ocrx_word' id='word_1_98' title='bbox 612 1028 855 1082; x_wconf 83' lang='lat' dir='ltr'>quaestione</span> <span class='ocrx_word' id='word_1_99' title='bbox 877 1027 988 1082; x_wconf 91' lang='lat' dir='ltr'>quod</span> <span class='ocrx_word' id='word_1_100' title='bbox 1010 1028 1288 1069; x_wconf 88' lang='lat' dir='ltr'>certissimum</span> <span class='ocrx_word' id='word_1_101' title='bbox 1312 1030 1387 1081; x_wconf 90' lang='lat' dir='ltr'>est,</span> <span class='ocrx_word' id='word_1_102' title='bbox 1407 1027 1629 1070; x_wconf 86' lang='lat' dir='ltr'>exhibetur</span> <span class='ocrx_word' id='word_1_103' title='bbox 1650 1029 1692 1068; x_wconf 93' lang='lat' dir='ltr'>in</span> <span class='ocrx_word' id='word_1_104' title='bbox 1716 1027 1867 1070; x_wconf 85' lang='lat' dir='ltr'>Heaut.</span> 
     </span>
     <span class='ocr_line' id='line_1_16' title="bbox 311 1084 1869 1142; baseline 0 -14"><span class='ocrx_word' id='word_1_105' title='bbox 311 1086 414 1142; x_wconf 90' lang='lat' dir='ltr'>prol.</span> <span class='ocrx_word' id='word_1_106' title='bbox 453 1089 504 1141; x_wconf 92' lang='lat' dir='ltr'>(v.</span> <span class='ocrx_word' id='word_1_107' title='bbox 533 1087 587 1128; x_wconf 90' lang='lat'>16</span> <span class='ocrx_word' id='word_1_108' title='bbox 619 1087 716 1142; x_wconf 92' lang='lat' dir='ltr'>sq.):</span> <span class='ocrx_word' id='word_1_109' title='bbox 756 1085 889 1140; x_wconf 89' lang='lat' dir='ltr'>„Nam</span> <span class='ocrx_word' id='word_1_110' title='bbox 921 1086 1030 1141; x_wconf 89' lang='lat' dir='ltr'>quod</span> <span class='ocrx_word' id='word_1_111' title='bbox 1065 1098 1292 1128; x_wconf 90' lang='lat' dir='ltr'>rumores</span> <span class='ocrx_word' id='word_1_112' title='bbox 1323 1084 1646 1133; x_wconf 63' lang='lat' dir='ltr'>distulerunt,</span> <span class='ocrx_word' id='word_1_113' title='bbox 1669 1086 1869 1140; x_wconf 87' lang='lat' dir='ltr'>malivoli,</span> 
     </span>
    </p>

    <p class='ocr_par' dir='ltr' id='par_1_6' title="bbox 526 1145 1342 1201">
     <span class='ocr_line' id='line_1_17' title="bbox 526 1145 1342 1201; baseline 0 -14"><span class='ocrx_word' id='word_1_114' title='bbox 526 1145 681 1188; x_wconf 90' lang='lat' dir='ltr'>Multas</span> <span class='ocrx_word' id='word_1_115' title='bbox 712 1146 1017 1188; x_wconf 83' lang='lat' dir='ltr'>contaminasse</span> <span class='ocrx_word' id='word_1_116' title='bbox 1049 1145 1251 1188; x_wconf 86' lang='lat' dir='ltr'>Graecas“</span> <span class='ocrx_word' id='word_1_117' title='bbox 1282 1158 1342 1201; x_wconf 93' lang='lat' dir='ltr'>sq.</span> 
     </span>
    </p>

    <p class='ocr_par' dir='ltr' id='par_1_7' title="bbox 311 1204 1868 1365">
     <span class='ocr_line' id='line_1_18' title="bbox 430 1204 1868 1260; baseline 0.001 -14"><span class='ocrx_word' id='word_1_118' title='bbox 430 1204 524 1246; x_wconf 92' lang='lat' dir='ltr'>Non</span> <span class='ocrx_word' id='word_1_119' title='bbox 557 1205 687 1259; x_wconf 87' lang='lat' dir='ltr'>igitur</span> <span class='ocrx_word' id='word_1_120' title='bbox 715 1205 852 1260; x_wconf 89' lang='lat' dir='ltr'>palam</span> <span class='ocrx_word' id='word_1_121' title='bbox 884 1207 926 1245; x_wconf 90' lang='lat' dir='ltr'>in</span> <span class='ocrx_word' id='word_1_122' title='bbox 960 1205 1155 1260; x_wconf 88' lang='lat' dir='ltr'>prologis,</span> <span class='ocrx_word' id='word_1_123' title='bbox 1185 1204 1260 1246; x_wconf 91' lang='lat' dir='ltr'>sed</span> <span class='ocrx_word' id='word_1_124' title='bbox 1282 1217 1358 1260; x_wconf 92' lang='lat' dir='ltr'>per</span> <span class='ocrx_word' id='word_1_125' title='bbox 1381 1217 1571 1247; x_wconf 87' lang='lat' dir='ltr'>rumores</span> <span class='ocrx_word' id='word_1_126' title='bbox 1595 1206 1639 1246; x_wconf 91' lang='lat' dir='ltr'>in</span> <span class='ocrx_word' id='word_1_127' title='bbox 1665 1206 1868 1247; x_wconf 89' lang='lat' dir='ltr'>sermoni-</span> 
     </span>
     <span class='ocr_line' id='line_1_19' title="bbox 313 1263 1868 1319; baseline 0.001 -14"><span class='ocrx_word' id='word_1_128' title='bbox 313 1264 393 1305; x_wconf 91' lang='lat' dir='ltr'>bus</span> <span class='ocrx_word' id='word_1_129' title='bbox 417 1264 638 1306; x_wconf 88' lang='lat' dir='ltr'>cotidianis</span> <span class='ocrx_word' id='word_1_130' title='bbox 663 1264 890 1306; x_wconf 84' lang='lat' dir='ltr'>adversarii</span> <span class='ocrx_word' id='word_1_131' title='bbox 914 1263 1155 1306; x_wconf 86' lang='lat' dir='ltr'>Terentium</span> <span class='ocrx_word' id='word_1_132' title='bbox 1182 1264 1547 1318; x_wconf 86' lang='lat' dir='ltr'>reprehenderunt,</span> <span class='ocrx_word' id='word_1_133' title='bbox 1573 1264 1684 1319; x_wconf 91' lang='lat' dir='ltr'>quod</span> <span class='ocrx_word' id='word_1_134' title='bbox 1705 1264 1868 1306; x_wconf 89' lang='lat' dir='ltr'>fabulas</span> 
     </span>
     <span class='ocr_line' id='line_1_20' title="bbox 311 1324 645 1365; baseline -0.003 -1"><span class='ocrx_word' id='word_1_135' title='bbox 311 1324 645 1365; x_wconf 87' lang='lat' dir='ltr'>contaminasset.</span> 
     </span>
    </p>

    <p class='ocr_par' dir='ltr' id='par_1_8' title="bbox 315 1380 1868 1496">
     <span class='ocr_line' id='line_1_21' title="bbox 431 1380 1868 1437; baseline 0 -13"><span class='ocrx_word' id='word_1_136' title='bbox 431 1383 469 1424; x_wconf 88' lang='lat'>2.</span> <span class='ocrx_word' id='word_1_137' title='bbox 512 1380 676 1424; x_wconf 90' lang='lat' dir='ltr'>Deinde</span> <span class='ocrx_word' id='word_1_138' title='bbox 696 1394 750 1424; x_wconf 89' lang='lat' dir='ltr'>ex</span> <span class='ocrx_word' id='word_1_139' title='bbox 775 1381 909 1423; x_wconf 92' lang='lat' dir='ltr'>tribus</span> <span class='ocrx_word' id='word_1_140' title='bbox 933 1382 1084 1437; x_wconf 87' lang='lat' dir='ltr'>prioris</span> <span class='ocrx_word' id='word_1_141' title='bbox 1107 1382 1272 1436; x_wconf 88' lang='lat' dir='ltr'>generis</span> <span class='ocrx_word' id='word_1_142' title='bbox 1297 1382 1360 1436; x_wconf 75' lang='lat' dir='ltr'>(cf.</span> <span class='ocrx_word' id='word_1_143' title='bbox 1386 1395 1425 1437; x_wconf 94' lang='lat' dir='ltr'>p.</span> <span class='ocrx_word' id='word_1_144' title='bbox 1453 1381 1507 1424; x_wconf 88' lang='grc'>63</span> <span class='ocrx_word' id='word_1_145' title='bbox 1529 1381 1609 1437; x_wconf 89' lang='lat' dir='ltr'>sq.)</span> <span class='ocrx_word' id='word_1_146' title='bbox 1630 1383 1733 1424; x_wconf 89' lang='lat' dir='ltr'>locis</span> <span class='ocrx_word' id='word_1_147' title='bbox 1756 1382 1868 1424; x_wconf 91' lang='lat' dir='ltr'>inter</span> 
     </span>
     <span class='ocr_line' id='line_1_22' title="bbox 315 1440 1181 1496; baseline -0.001 -13"><span class='ocrx_word' id='word_1_148' title='bbox 315 1454 360 1483; x_wconf 87' lang='lat' dir='ltr'>se</span> <span class='ocrx_word' id='word_1_149' title='bbox 392 1441 554 1483; x_wconf 88' lang='lat' dir='ltr'>collatis</span> <span class='ocrx_word' id='word_1_150' title='bbox 583 1441 663 1483; x_wconf 91' lang='lat' dir='ltr'>hoc</span> <span class='ocrx_word' id='word_1_151' title='bbox 693 1440 801 1483; x_wconf 89' lang='lat' dir='ltr'>effici</span> <span class='ocrx_word' id='word_1_152' title='bbox 833 1454 955 1496; x_wconf 89' lang='lat' dir='ltr'>posse</span> <span class='ocrx_word' id='word_1_153' title='bbox 986 1440 1181 1482; x_wconf 89' lang='lat' dir='ltr'>arbitror:</span> 
     </span>
    </p>

    <p class='ocr_par' dir='ltr' id='par_1_9' title="bbox 308 1498 1867 1850">
     <span class='ocr_line' id='line_1_23' title="bbox 427 1498 1867 1556; baseline 0 -15"><span class='ocrx_word' id='word_1_154' title='bbox 427 1498 480 1541; x_wconf 92' lang='lat' dir='ltr'>In</span> <span class='ocrx_word' id='word_1_155' title='bbox 519 1499 694 1555; x_wconf 87' lang='lat' dir='ltr'>Adelph.</span> <span class='ocrx_word' id='word_1_156' title='bbox 732 1500 835 1555; x_wconf 91' lang='lat' dir='ltr'>prol.</span> <span class='ocrx_word' id='word_1_157' title='bbox 873 1500 926 1554; x_wconf 91' lang='lat' dir='ltr'>(v.</span> <span class='ocrx_word' id='word_1_158' title='bbox 958 1501 986 1541; x_wconf 92' lang='lat'>4</span> <span class='ocrx_word' id='word_1_159' title='bbox 1024 1500 1128 1556; x_wconf 87' lang='lat' dir='ltr'>sqq.)</span> <span class='ocrx_word' id='word_1_160' title='bbox 1165 1513 1189 1541; x_wconf 92' lang='lat' dir='ltr'>a</span> <span class='ocrx_word' id='word_1_161' title='bbox 1226 1500 1400 1542; x_wconf 92' lang='lat' dir='ltr'>crimine</span> <span class='ocrx_word' id='word_1_162' title='bbox 1436 1500 1555 1554; x_wconf 89' lang='lat' dir='ltr'>furti,</span> <span class='ocrx_word' id='word_1_163' title='bbox 1592 1500 1704 1555; x_wconf 92' lang='lat' dir='ltr'>quod</span> <span class='ocrx_word' id='word_1_164' title='bbox 1743 1501 1867 1555; x_wconf 87' lang='lat' dir='ltr'>paulo</span> 
     </span>
     <span class='ocr_line' id='line_1_24' title="bbox 310 1558 1867 1615; baseline -0.001 -14"><span class='ocrx_word' id='word_1_165' title='bbox 310 1563 407 1601; x_wconf 87' lang='lat' dir='ltr'>ante</span> <span class='ocrx_word' id='word_1_166' title='bbox 438 1558 616 1601; x_wconf 88' lang='lat' dir='ltr'>Luscius</span> <span class='ocrx_word' id='word_1_167' title='bbox 647 1560 685 1601; x_wconf 91' lang='lat' dir='ltr'>ei</span> <span class='ocrx_word' id='word_1_168' title='bbox 716 1559 938 1615; x_wconf 90' lang='lat' dir='ltr'>opprobrio</span> <span class='ocrx_word' id='word_1_169' title='bbox 970 1559 1151 1612; x_wconf 84' lang='lat' dir='ltr'>dederat,</span> <span class='ocrx_word' id='word_1_170' title='bbox 1181 1572 1226 1601; x_wconf 89' lang='lat' dir='ltr'>se</span> <span class='ocrx_word' id='word_1_171' title='bbox 1257 1559 1451 1601; x_wconf 84' lang='lat' dir='ltr'>defendit.</span> <span class='ocrx_word' id='word_1_172' title='bbox 1513 1558 1696 1615; x_wconf 86' lang='lat' dir='ltr'>Adelphi</span> <span class='ocrx_word' id='word_1_173' title='bbox 1726 1562 1867 1601; x_wconf 90' lang='lat' dir='ltr'>autem</span> 
     </span>
     <span class='ocr_line' id='line_1_25' title="bbox 309 1618 1866 1673; baseline 0 -13"><span class='ocrx_word' id='word_1_174' title='bbox 309 1618 453 1660; x_wconf 89' lang='lat' dir='ltr'>fabula</span> <span class='ocrx_word' id='word_1_175' title='bbox 484 1631 582 1660; x_wconf 92' lang='lat' dir='ltr'>cum</span> <span class='ocrx_word' id='word_1_176' title='bbox 613 1619 797 1673; x_wconf 90' lang='lat' dir='ltr'>primum</span> <span class='ocrx_word' id='word_1_177' title='bbox 828 1622 1033 1672; x_wconf 87' lang='lat' dir='ltr'>ageretur,</span> <span class='ocrx_word' id='word_1_178' title='bbox 1063 1618 1222 1659; x_wconf 83' lang='lat' dir='ltr'>nemini</span> <span class='ocrx_word' id='word_1_179' title='bbox 1253 1618 1302 1659; x_wconf 94' lang='lat' dir='ltr'>ad</span> <span class='ocrx_word' id='word_1_180' title='bbox 1330 1618 1373 1659; x_wconf 93' lang='lat' dir='ltr'>id</span> <span class='ocrx_word' id='word_1_181' title='bbox 1397 1622 1564 1673; x_wconf 90' lang='lat' dir='ltr'>tempus</span> <span class='ocrx_word' id='word_1_182' title='bbox 1587 1622 1688 1660; x_wconf 89' lang='lat' dir='ltr'>nota</span> <span class='ocrx_word' id='word_1_183' title='bbox 1712 1619 1866 1673; x_wconf 86' lang='lat' dir='ltr'>erat.¹⁰)</span> 
     </span>
     <span class='ocr_line' id='line_1_26' title="bbox 312 1676 1865 1732; baseline 0 -13"><span class='ocrx_word' id='word_1_184' title='bbox 312 1677 444 1720; x_wconf 91' lang='lat' dir='ltr'>Poeta</span> <span class='ocrx_word' id='word_1_185' title='bbox 473 1682 612 1719; x_wconf 89' lang='lat' dir='ltr'>tamen</span> <span class='ocrx_word' id='word_1_186' title='bbox 645 1690 742 1719; x_wconf 92' lang='lat' dir='ltr'>cum</span> <span class='ocrx_word' id='word_1_187' title='bbox 774 1678 931 1730; x_wconf 90' lang='lat' dir='ltr'>timeat,</span> <span class='ocrx_word' id='word_1_188' title='bbox 962 1690 1015 1719; x_wconf 89' lang='lat' dir='ltr'>ne</span> <span class='ocrx_word' id='word_1_189' title='bbox 1040 1678 1117 1719; x_wconf 91' lang='lat' dir='ltr'>hac</span> <span class='ocrx_word' id='word_1_190' title='bbox 1143 1689 1312 1732; x_wconf 90' lang='lat' dir='ltr'>quoque</span> <span class='ocrx_word' id='word_1_191' title='bbox 1335 1677 1378 1718; x_wconf 91' lang='lat' dir='ltr'>in</span> <span class='ocrx_word' id='word_1_192' title='bbox 1404 1676 1546 1719; x_wconf 85' lang='lat' dir='ltr'>fabula</span> <span class='ocrx_word' id='word_1_193' title='bbox 1569 1677 1730 1719; x_wconf 90' lang='lat' dir='ltr'>furtum</span> <span class='ocrx_word' id='word_1_194' title='bbox 1755 1690 1865 1719; x_wconf 92' lang='lat' dir='ltr'>com-</span> 
     </span>
     <span class='ocr_line' id='line_1_27' title="bbox 310 1736 1864 1791; baseline 0 -14"><span class='ocrx_word' id='word_1_195' title='bbox 310 1737 488 1777; x_wconf 88' lang='lat' dir='ltr'>missum</span> <span class='ocrx_word' id='word_1_196' title='bbox 521 1748 613 1778; x_wconf 88' lang='lat' dir='ltr'>esse</span> <span class='ocrx_word' id='word_1_197' title='bbox 637 1737 864 1778; x_wconf 89' lang='lat' dir='ltr'>adversarii</span> <span class='ocrx_word' id='word_1_198' title='bbox 890 1736 1041 1789; x_wconf 89' lang='lat' dir='ltr'>dicant,</span> <span class='ocrx_word' id='word_1_199' title='bbox 1072 1736 1123 1777; x_wconf 91' lang='lat' dir='ltr'>de</span> <span class='ocrx_word' id='word_1_200' title='bbox 1147 1748 1192 1777; x_wconf 92' lang='lat' dir='ltr'>se</span> <span class='ocrx_word' id='word_1_201' title='bbox 1215 1737 1305 1790; x_wconf 89' lang='lat' dir='ltr'>ipse</span> <span class='ocrx_word' id='word_1_202' title='bbox 1329 1736 1483 1777; x_wconf 92' lang='lat' dir='ltr'>indicio</span> <span class='ocrx_word' id='word_1_203' title='bbox 1509 1739 1583 1789; x_wconf 88' lang='lat' dir='ltr'>est,</span> <span class='ocrx_word' id='word_1_204' title='bbox 1613 1740 1864 1791; x_wconf 86' lang='lat' dir='ltr'>spectatores</span> 
     </span>
     <span class='ocr_line' id='line_1_28' title="bbox 308 1794 1121 1850; baseline -0.001 -14"><span class='ocrx_word' id='word_1_205' title='bbox 308 1795 470 1837; x_wconf 89' lang='lat' dir='ltr'>iudices</span> <span class='ocrx_word' id='word_1_206' title='bbox 500 1794 598 1836; x_wconf 86' lang='lat' dir='ltr'>facit</span> <span class='ocrx_word' id='word_1_207' title='bbox 628 1795 684 1848; x_wconf 94' lang='lat' dir='ltr'>(v.</span> <span class='ocrx_word' id='word_1_208' title='bbox 711 1795 756 1849; x_wconf 86' lang='lat'>4)</span> <span class='ocrx_word' id='word_1_209' title='bbox 787 1796 1018 1850; x_wconf 89' lang='lat' dir='ltr'>incipitque</span> <span class='ocrx_word' id='word_1_210' title='bbox 1048 1795 1121 1836; x_wconf 89' lang='lat' dir='ltr'>ita:</span> 
     </span>
    </p>

    <p class='ocr_par' dir='ltr' id='par_1_10' title="bbox 372 1852 1478 1908">
     <span class='ocr_line' id='line_1_29' title="bbox 372 1852 1478 1908; baseline 0 -14"><span class='ocrx_word' id='word_1_211' title='bbox 372 1854 427 1906; x_wconf 85' lang='lat' dir='ltr'>(v.</span> <span class='ocrx_word' id='word_1_212' title='bbox 455 1854 495 1907; x_wconf 88' lang='grc'>6)</span> <span class='ocrx_word' id='word_1_213' title='bbox 527 1852 988 1908; x_wconf 86' lang='lat' dir='ltr'>„Synapothnescontes</span> <span class='ocrx_word' id='word_1_214' title='bbox 1019 1852 1177 1908; x_wconf 89' lang='lat' dir='ltr'>Diphili</span> <span class='ocrx_word' id='word_1_215' title='bbox 1209 1854 1478 1895; x_wconf 88' lang='lat' dir='ltr'>comoediast:</span> 
     </span>
    </p>

    <p class='ocr_par' dir='ltr' id='par_1_11' title="bbox 525 1911 1544 1966">
     <span class='ocr_line' id='line_1_30' title="bbox 525 1911 1544 1966; baseline -0.001 -12"><span class='ocrx_word' id='word_1_216' title='bbox 525 1911 631 1954; x_wconf 89' lang='lat' dir='ltr'>Eam</span> <span class='ocrx_word' id='word_1_217' title='bbox 664 1911 984 1966; x_wconf 86' lang='lat' dir='ltr'>Commorientis</span> <span class='ocrx_word' id='word_1_218' title='bbox 1015 1912 1192 1954; x_wconf 90' lang='lat' dir='ltr'>Plautus</span> <span class='ocrx_word' id='word_1_219' title='bbox 1222 1911 1319 1954; x_wconf 89' lang='lat' dir='ltr'>fecit</span> <span class='ocrx_word' id='word_1_220' title='bbox 1347 1912 1544 1954; x_wconf 87' lang='lat' dir='ltr'>fabulam.</span> 
     </span>
    </p>

    <p class='ocr_par' dir='ltr' id='par_1_12' title="bbox 522 1970 1579 2026">
     <span class='ocr_line' id='line_1_31' title="bbox 522 1970 1579 2026; baseline -0.001 -14"><span class='ocrx_word' id='word_1_221' title='bbox 522 1970 574 2012; x_wconf 92' lang='lat' dir='ltr'>In</span> <span class='ocrx_word' id='word_1_222' title='bbox 608 1970 766 2013; x_wconf 79' lang='lat' dir='ltr'>Graec-a</span> <span class='ocrx_word' id='word_1_223' title='bbox 796 1971 1044 2013; x_wconf 83' lang='lat' dir='ltr'>adulescens</span> <span class='ocrx_word' id='word_1_224' title='bbox 1075 1975 1149 2024; x_wconf 85' lang='lat' dir='ltr'>est,</span> <span class='ocrx_word' id='word_1_225' title='bbox 1180 1971 1254 2026; x_wconf 88' lang='lat' dir='ltr'>qui</span> <span class='ocrx_word' id='word_1_226' title='bbox 1284 1971 1427 2013; x_wconf 89' lang='lat' dir='ltr'>lenoni</span> <span class='ocrx_word' id='word_1_227' title='bbox 1457 1972 1579 2026; x_wconf 89' lang='lat' dir='ltr'>eripit</span> 
     </span>
    </p>

    <p class='ocr_par' dir='ltr' id='par_1_13' title="bbox 522 2029 1725 2085">
     <span class='ocr_line' id='line_1_32' title="bbox 522 2029 1725 2085; baseline -0.001 -13"><span class='ocrx_word' id='word_1_228' title='bbox 522 2029 782 2072; x_wconf 87' lang='lat' dir='ltr'>Meretricem</span> <span class='ocrx_word' id='word_1_229' title='bbox 815 2032 859 2071; x_wconf 92' lang='lat' dir='ltr'>in</span> <span class='ocrx_word' id='word_1_230' title='bbox 891 2030 1025 2085; x_wconf 89' lang='lat' dir='ltr'>prima</span> <span class='ocrx_word' id='word_1_231' title='bbox 1054 2029 1215 2072; x_wconf 85' lang='lat' dir='ltr'>fabula:</span> <span class='ocrx_word' id='word_1_232' title='bbox 1248 2042 1347 2072; x_wconf 92' lang='lat' dir='ltr'>eum</span> <span class='ocrx_word' id='word_1_233' title='bbox 1379 2029 1555 2071; x_wconf 88' lang='lat' dir='ltr'>Plautus</span> <span class='ocrx_word' id='word_1_234' title='bbox 1584 2030 1725 2072; x_wconf 92' lang='lat' dir='ltr'>locum</span> 
     </span>
    </p>

    <p class='ocr_par' dir='ltr' id='par_1_14' title="bbox 520 2088 1678 2143">
     <span class='ocr_line' id='line_1_33' title="bbox 520 2088 1678 2143; baseline -0.001 -13"><span class='ocrx_word' id='word_1_235' title='bbox 520 2088 708 2143; x_wconf 89' lang='lat' dir='ltr'>Reliquit</span> <span class='ocrx_word' id='word_1_236' title='bbox 738 2090 962 2143; x_wconf 89' lang='lat' dir='ltr'>integrum.</span> <span class='ocrx_word' id='word_1_237' title='bbox 995 2101 1092 2130; x_wconf 90' lang='lat' dir='ltr'>eum</span> <span class='ocrx_word' id='word_1_238' title='bbox 1122 2089 1189 2129; x_wconf 90' lang='lat' dir='ltr'>hic</span> <span class='ocrx_word' id='word_1_239' title='bbox 1220 2089 1360 2129; x_wconf 93' lang='lat' dir='ltr'>locum</span> <span class='ocrx_word' id='word_1_240' title='bbox 1390 2090 1569 2142; x_wconf 90' lang='lat' dir='ltr'>sumpsit</span> <span class='ocrx_word' id='word_1_241' title='bbox 1598 2088 1678 2130; x_wconf 92' lang='lat' dir='ltr'>sibi</span> 
     </span>
    </p>

    <p class='ocr_par' dir='ltr' id='par_1_15' title="bbox 307 2146 1867 2379">
     <span class='ocr_line' id='line_1_34' title="bbox 521 2146 1775 2202; baseline 0.001 -14"><span class='ocrx_word' id='word_1_242' title='bbox 521 2147 572 2188; x_wconf 91' lang='lat' dir='ltr'>In</span> <span class='ocrx_word' id='word_1_243' title='bbox 604 2147 831 2202; x_wconf 90' lang='lat' dir='ltr'>Adelphos,</span> <span class='ocrx_word' id='word_1_244' title='bbox 861 2146 1039 2189; x_wconf 89' lang='lat' dir='ltr'>verbum</span> <span class='ocrx_word' id='word_1_245' title='bbox 1071 2147 1122 2188; x_wconf 91' lang='lat' dir='ltr'>de</span> <span class='ocrx_word' id='word_1_246' title='bbox 1153 2146 1281 2188; x_wconf 87' lang='lat' dir='ltr'>verbo</span> <span class='ocrx_word' id='word_1_247' title='bbox 1312 2159 1556 2201; x_wconf 86' lang='lat' dir='ltr'>expressum</span> <span class='ocrx_word' id='word_1_248' title='bbox 1590 2147 1775 2189; x_wconf 82' lang='lat' dir='ltr'>extulit“.</span> 
     </span>
     <span class='ocr_line' id='line_1_35' title="bbox 308 2204 1867 2261; baseline 0 -13"><span class='ocrx_word' id='word_1_249' title='bbox 308 2205 403 2255; x_wconf 83' lang='lat' dir='ltr'>Qua</span> <span class='ocrx_word' id='word_1_250' title='bbox 422 2219 477 2248; x_wconf 85' lang='lat' dir='ltr'>ex</span> <span class='ocrx_word' id='word_1_251' title='bbox 498 2207 735 2248; x_wconf 87' lang='lat' dir='ltr'>narratione</span> <span class='ocrx_word' id='word_1_252' title='bbox 756 2219 902 2248; x_wconf 91' lang='lat' dir='ltr'>omnes</span> <span class='ocrx_word' id='word_1_253' title='bbox 923 2209 1184 2261; x_wconf 89' lang='lat' dir='ltr'>spectatores,</span> <span class='ocrx_word' id='word_1_254' title='bbox 1206 2205 1308 2260; x_wconf 89' lang='lat' dir='ltr'>quid</span> <span class='ocrx_word' id='word_1_255' title='bbox 1327 2204 1545 2247; x_wconf 83' lang='lat' dir='ltr'>Terentius</span> <span class='ocrx_word' id='word_1_256' title='bbox 1567 2206 1645 2248; x_wconf 78' lang='lat' dir='ltr'>hac</span> <span class='ocrx_word' id='word_1_257' title='bbox 1663 2207 1706 2247; x_wconf 91' lang='lat' dir='ltr'>in</span> <span class='ocrx_word' id='word_1_258' title='bbox 1723 2205 1867 2249; x_wconf 87' lang='lat' dir='ltr'>fabula</span> 
     </span>
     <span class='ocr_line' id='line_1_36' title="bbox 308 2264 1866 2320; baseline 0.001 -14"><span class='ocrx_word' id='word_1_259' title='bbox 308 2264 568 2306; x_wconf 88' lang='lat' dir='ltr'>conficienda</span> <span class='ocrx_word' id='word_1_260' title='bbox 592 2265 769 2318; x_wconf 85' lang='lat' dir='ltr'>fecisset,</span> <span class='ocrx_word' id='word_1_261' title='bbox 795 2265 1106 2307; x_wconf 82' lang='lat' dir='ltr'>accuratissime</span> <span class='ocrx_word' id='word_1_262' title='bbox 1130 2266 1434 2319; x_wconf 90' lang='lat' dir='ltr'>compererunt,</span> <span class='ocrx_word' id='word_1_263' title='bbox 1457 2265 1515 2305; x_wconf 90' lang='lat' dir='ltr'>ita</span> <span class='ocrx_word' id='word_1_264' title='bbox 1540 2269 1587 2306; x_wconf 90' lang='lat' dir='ltr'>ut</span> <span class='ocrx_word' id='word_1_265' title='bbox 1607 2265 1687 2320; x_wconf 87' lang='lat' dir='ltr'>ipsi</span> <span class='ocrx_word' id='word_1_266' title='bbox 1706 2265 1866 2307; x_wconf 90' lang='lat' dir='ltr'>iudices</span> 
     </span>
     <span class='ocr_line' id='line_1_37' title="bbox 307 2323 1865 2379; baseline 0.002 -14"><span class='ocrx_word' id='word_1_267' title='bbox 307 2336 397 2365; x_wconf 88' lang='lat' dir='ltr'>esse</span> <span class='ocrx_word' id='word_1_268' title='bbox 427 2327 610 2379; x_wconf 89' lang='lat' dir='ltr'>possent.</span> <span class='ocrx_word' id='word_1_269' title='bbox 673 2323 789 2373; x_wconf 83' lang='lat' dir='ltr'>Quos</span> <span class='ocrx_word' id='word_1_270' title='bbox 820 2324 1069 2366; x_wconf 86' lang='lat' dir='ltr'>sententiam</span> <span class='ocrx_word' id='word_1_271' title='bbox 1101 2326 1149 2365; x_wconf 88' lang='lat' dir='ltr'>ut</span> <span class='ocrx_word' id='word_1_272' title='bbox 1178 2323 1324 2376; x_wconf 85' lang='lat' dir='ltr'>ferant,</span> <span class='ocrx_word' id='word_1_273' title='bbox 1354 2327 1476 2378; x_wconf 88' lang='lat' dir='ltr'>poeta</span> <span class='ocrx_word' id='word_1_274' title='bbox 1506 2324 1657 2365; x_wconf 87' lang='lat' dir='ltr'>invitat</span> <span class='ocrx_word' id='word_1_275' title='bbox 1687 2324 1742 2379; x_wconf 89' lang='lat' dir='ltr'>(v.</span> <span class='ocrx_word' id='word_1_276' title='bbox 1778 2324 1865 2378; x_wconf 80' lang='lat'><strong>12):</strong></span> 
     </span>
    </p>

    <p class='ocr_par' dir='ltr' id='par_1_16' title="bbox 520 2381 1707 2438">
     <span class='ocr_line' id='line_1_38' title="bbox 520 2381 1707 2438; baseline 0.001 -15"><span class='ocrx_word' id='word_1_277' title='bbox 520 2381 787 2436; x_wconf 88' lang='lat' dir='ltr'>„Pernoscite</span> <span class='ocrx_word' id='word_1_278' title='bbox 878 2382 1110 2424; x_wconf 81' lang='lat' dir='ltr'>Furtumne</span> <span class='ocrx_word' id='word_1_279' title='bbox 1138 2381 1296 2424; x_wconf 85' lang='lat' dir='ltr'>factum</span> <span class='ocrx_word' id='word_1_280' title='bbox 1328 2382 1615 2424; x_wconf 88' lang='lat' dir='ltr'>existumetis“</span> <span class='ocrx_word' id='word_1_281' title='bbox 1646 2395 1707 2438; x_wconf 90' lang='lat' dir='ltr'>sq.</span> 
     </span>
    </p>

    <p class='ocr_par' dir='ltr' id='par_1_17' title="bbox 305 2440 1865 2671">
     <span class='ocr_line' id='line_1_39' title="bbox 426 2440 1865 2496; baseline 0.001 -14"><span class='ocrx_word' id='word_1_282' title='bbox 426 2440 558 2482; x_wconf 89' lang='lat' dir='ltr'>Plane</span> <span class='ocrx_word' id='word_1_283' title='bbox 582 2441 777 2481; x_wconf 84' lang='lat' dir='ltr'>similiter</span> <span class='ocrx_word' id='word_1_284' title='bbox 800 2453 867 2482; x_wconf 88' lang='lat' dir='ltr'>res</span> <span class='ocrx_word' id='word_1_285' title='bbox 892 2453 938 2482; x_wconf 88' lang='lat' dir='ltr'>se</span> <span class='ocrx_word' id='word_1_286' title='bbox 963 2440 1087 2482; x_wconf 90' lang='lat' dir='ltr'>habet</span> <span class='ocrx_word' id='word_1_287' title='bbox 1111 2442 1153 2481; x_wconf 93' lang='lat' dir='ltr'>in</span> <span class='ocrx_word' id='word_1_288' title='bbox 1177 2440 1373 2481; x_wconf 89' lang='lat' dir='ltr'>Eunuchi</span> <span class='ocrx_word' id='word_1_289' title='bbox 1399 2441 1569 2495; x_wconf 82' lang='lat' dir='ltr'>prologo</span> <span class='ocrx_word' id='word_1_290' title='bbox 1594 2443 1647 2493; x_wconf 92' lang='lat' dir='ltr'>(v.</span> <span class='ocrx_word' id='word_1_291' title='bbox 1668 2442 1722 2482; x_wconf 87' lang='lat'>19</span> <span class='ocrx_word' id='word_1_292' title='bbox 1746 2441 1865 2496; x_wconf 89' lang='lat' dir='ltr'>sqq.).</span> 
     </span>
     <span class='ocr_line' id='line_1_40' title="bbox 307 2496 1865 2556; baseline 0 -15"><span class='ocrx_word' id='word_1_293' title='bbox 307 2500 499 2556; x_wconf 86' lang='lat' dir='ltr'>Primum</span> <span class='ocrx_word' id='word_1_294' title='bbox 531 2499 633 2554; x_wconf 91' lang='lat' dir='ltr'>quid</span> <span class='ocrx_word' id='word_1_295' title='bbox 665 2498 844 2541; x_wconf 91' lang='lat' dir='ltr'>Luscius</span> <span class='ocrx_word' id='word_1_296' title='bbox 875 2499 955 2540; x_wconf 89' lang='lat' dir='ltr'>sibi</span> <span class='ocrx_word' id='word_1_297' title='bbox 986 2500 1150 2541; x_wconf 90' lang='lat' dir='ltr'>crimini</span> <span class='ocrx_word' id='word_1_298' title='bbox 1182 2499 1354 2552; x_wconf 87' lang='lat' dir='ltr'>dederit,</span> <span class='ocrx_word' id='word_1_299' title='bbox 1392 2496 1576 2554; x_wconf 86' lang='lat' dir='ltr'>exponit,</span> <span class='ocrx_word' id='word_1_300' title='bbox 1616 2504 1707 2541; x_wconf 88' lang='lat' dir='ltr'>tum</span> <span class='ocrx_word' id='word_1_301' title='bbox 1738 2500 1865 2554; x_wconf 89' lang='lat' dir='ltr'>addit,</span> 
     </span>
     <span class='ocr_line' id='line_1_41' title="bbox 305 2556 1864 2613; baseline 0.001 -14"><span class='ocrx_word' id='word_1_302' title='bbox 305 2560 341 2599; x_wconf 93' lang='lat' dir='ltr'>si</span> <span class='ocrx_word' id='word_1_303' title='bbox 378 2560 653 2613; x_wconf 86' lang='lat' dir='ltr'>peccavisset,</span> <span class='ocrx_word' id='word_1_304' title='bbox 690 2558 957 2613; x_wconf 84' lang='lat' dir='ltr'>inprudentia</span> <span class='ocrx_word' id='word_1_305' title='bbox 987 2571 1032 2600; x_wconf 93' lang='lat' dir='ltr'>se</span> <span class='ocrx_word' id='word_1_306' title='bbox 1062 2559 1309 2613; x_wconf 87' lang='lat' dir='ltr'>peccavisse.</span> <span class='ocrx_word' id='word_1_307' title='bbox 1375 2556 1534 2600; x_wconf 91' lang='lat' dir='ltr'>Deinde</span> <span class='ocrx_word' id='word_1_308' title='bbox 1565 2560 1717 2600; x_wconf 88' lang='lat' dir='ltr'>iterum</span> <span class='ocrx_word' id='word_1_309' title='bbox 1748 2571 1864 2613; x_wconf 86' lang='lat' dir='ltr'>spec·</span> 
     </span>
     <span class='ocr_line' id='line_1_42' title="bbox 305 2616 984 2671; baseline 0.001 -13"><span class='ocrx_word' id='word_1_310' title='bbox 305 2621 459 2659; x_wconf 89' lang='lat' dir='ltr'>tatores</span> <span class='ocrx_word' id='word_1_311' title='bbox 490 2617 651 2659; x_wconf 90' lang='lat' dir='ltr'>iudices</span> <span class='ocrx_word' id='word_1_312' title='bbox 680 2616 780 2659; x_wconf 87' lang='lat' dir='ltr'>facit</span> <span class='ocrx_word' id='word_1_313' title='bbox 810 2617 863 2671; x_wconf 78' lang='lat' dir='ltr'>(V.</span> <span class='ocrx_word' id='word_1_314' title='bbox 890 2616 984 2671; x_wconf 84' lang='lat'>29):</span> 
     </span>
    </p>
   </div>
   <div class='ocr_carea' id='block_1_4' title="bbox 425 2697 1097 2791">
    <p class='ocr_par' dir='ltr' id='par_1_18' title="bbox 425 2697 1097 2791">
     <span class='ocr_line' id='line_1_43' title="bbox 425 2697 1097 2743; baseline 0 -10"><span class='ocrx_word' id='word_1_315' title='bbox 425 2698 452 2742; x_wconf 80' lang='lat'>⁹)</span> <span class='ocrx_word' id='word_1_316' title='bbox 477 2698 648 2734; x_wconf 85' lang='lat' dir='ltr'>Similiter</span> <span class='ocrx_word' id='word_1_317' title='bbox 671 2697 780 2733; x_wconf 86' lang='lat' dir='ltr'>Fabia</span> <span class='ocrx_word' id='word_1_318' title='bbox 801 2697 824 2733; x_wconf 94' lang='lat' dir='ltr'>l.</span> <span class='ocrx_word' id='word_1_319' title='bbox 851 2708 878 2733; x_wconf 91' lang='lat' dir='ltr'>s.</span> <span class='ocrx_word' id='word_1_320' title='bbox 904 2708 932 2733; x_wconf 90' lang='lat' dir='ltr'>s.</span> <span class='ocrx_word' id='word_1_321' title='bbox 958 2709 991 2743; x_wconf 93' lang='lat' dir='ltr'>p.</span> <span class='ocrx_word' id='word_1_322' title='bbox 1017 2698 1097 2735; x_wconf 86' lang='lat'>288.</span> 
     </span>
     <span class='ocr_line' id='line_1_44' title="bbox 426 2744 988 2791; baseline 0 -10"><span class='ocrx_word' id='word_1_323' title='bbox 426 2746 466 2791; x_wconf 82' lang='lat'>¹&#39;)</span> <span class='ocrx_word' id='word_1_324' title='bbox 492 2746 538 2781; x_wconf 75' lang='lat' dir='ltr'>cf.</span> <span class='ocrx_word' id='word_1_325' title='bbox 564 2756 672 2791; x_wconf 87' lang='lat' dir='ltr'>supra</span> <span class='ocrx_word' id='word_1_326' title='bbox 696 2756 728 2791; x_wconf 86' lang='lat' dir='ltr'>p.</span> <span class='ocrx_word' id='word_1_327' title='bbox 755 2744 802 2781; x_wconf 83' lang='lat'>20</span> <span class='ocrx_word' id='word_1_328' title='bbox 827 2745 905 2781; x_wconf 88' lang='lat' dir='ltr'>adn.</span> <span class='ocrx_word' id='word_1_329' title='bbox 933 2746 988 2782; x_wconf 87' lang='lat'>38.</span> 
     </span>
    </p>
   </div>
   <div class='ocr_carea' id='block_1_5' title="bbox 307 2682 587 2689">
    <p class='ocr_par' dir='ltr' id='par_1_19' title="bbox 307 2682 587 2689">
     <span class='ocr_line' id='line_1_45' title="bbox 307 2682 587 2689; baseline 0 0"><span class='ocrx_word' id='word_1_330' title='bbox 307 2682 587 2689; x_wconf 95' lang='lat' dir='ltr'> </span> 
     </span>
    </p>
   </div>
  </div>
 </body>
</html>
