2067 3311
889 130 1180 170 ..34-

258 245 326 287 Ex
373 246 529 301 quibus
559 246 809 300 complures,
851 249 962 287 certe
993 247 1097 287 duas
1131 245 1295 287 fabulas
1332 247 1633 288 contaminatas
1668 246 1810 288 Heau-

255 305 636 347 tontimorumenon
670 305 940 346 antecessisse
979 317 1077 346 cum
1108 317 1305 360 apparere
1335 304 1544 358 videatur,
1579 307 1654 346 aut
1682 304 1811 346 Adel-

252 363 357 418 phos
368 365 416 416 ⁷²)
461 366 535 405 aut
578 362 908 416 Eunuchum,⁷⁸)
961 376 1141 418 quarum
1179 368 1402 418 utramque
1443 362 1628 405 fabulam
1670 367 1810 405 conta-

250 422 452 464 minatam
483 434 574 464 esse
603 421 823 464 Terentius
859 422 903 463 in
942 422 1113 477 prologo
1150 424 1239 478 ipse
1269 421 1502 475 confitetur,
1541 425 1638 464 ante
1667 421 1811 464 Heau-

252 482 637 523 tontimorumenon
665 484 800 523 actam
824 493 914 523 esse
933 482 1010 522 viri
1039 481 1148 523 docti
1172 485 1437 536 putaverunt.
1476 480 1557 523 Sed
1582 484 1811 536 utrumque

252 544 294 581 et
324 539 376 581 ab
408 541 491 594 eis,
535 552 643 595 quae
674 551 729 581 ex
760 540 996 581 didascaliis
1027 544 1069 580 et
1098 552 1152 581 ex
1183 540 1366 595 prologis
1396 540 1448 581 de
1477 540 1623 594 primis
1660 540 1809 580 harum

251 597 494 640 fabularum
531 598 767 641 actionibus
804 599 979 652 scimus,
1016 597 1211 640 abhorret
1247 602 1288 640 et
1325 598 1552 641 dummodo
1582 598 1654 641 illa
1685 597 1812 640 verba

252 661 364 699 recte
405 658 709 712 percipiantur,
753 670 925 712 prorsus
971 656 1232 712 superfluum
1274 660 1347 698 est.
1414 657 1531 698 Haec
1568 658 1680 698 enim
1711 661 1812 698 sunt

252 715 536 759 observanda:

372 775 562 816 Primum
592 775 912 816 memorandum
944 778 1007 816 est
1035 774 1201 816 Terenti
1232 775 1491 816 adversarios
1522 775 1810 817 acerbissimos

253 833 355 875 haec
386 832 515 875 verba
546 833 716 876 dixisse.
768 831 849 883 Qui
881 836 1103 889 postquam
1131 832 1334 875 Andriam
1364 834 1688 876 contaminatam
1719 845 1810 876 esse

253 893 566 945 intellexerunt,
596 898 740 934 utrum
772 898 933 934 ceterae
964 905 1134 947 quoque
1162 891 1328 935 Terenti
1356 892 1523 934 fabulae
1553 893 1810 935 contamina-

253 955 319 992 tae
351 955 491 993 essent
521 963 665 1004 necne,
695 954 806 992 certe
837 952 1009 992 omnino
1033 963 1117 992 non
1146 950 1412 1005 quaerebant,
1437 951 1595 1006 quique
1620 964 1810 993 rumores

252 1023 328 1065 per
356 1010 559 1065 populum
597 1015 874 1066 propagantes
916 1009 1172 1052 simulabant
1212 1022 1304 1052 sese
1345 1010 1452 1052 scire
1493 1010 1595 1052 alias
1642 1023 1811 1065 quoque

250 1068 417 1110 Terenti
448 1068 611 1110 fabulas
641 1071 943 1110 contaminatas
983 1081 1083 1110 esse.
1146 1067 1263 1117 Quae
1299 1081 1396 1110 cum
1434 1070 1491 1110 ita
1528 1070 1629 1121 sint,
1664 1073 1809 1110 utrum

251 1126 421 1181 Hecyra
451 1128 732 1169 contaminata
763 1128 817 1169 sit
847 1139 992 1180 necne,
1029 1127 1081 1169 ad
1112 1127 1220 1169 hanc
1250 1139 1339 1169 rem
1364 1127 1607 1169 solvendam
1636 1128 1809 1169 minime

250 1187 436 1228 interest.
499 1186 740 1228 Adversarii
773 1187 880 1227 hanc
917 1199 1087 1241 quoque
1122 1186 1308 1228 fabulam
1347 1186 1625 1228 numerabant
1661 1187 1704 1227 in
1737 1188 1809 1240 eis,

253 1257 359 1299 quas
388 1244 608 1286 Terentius
638 1257 692 1286 ex
724 1244 1012 1300 compluribus
1041 1244 1196 1286 fabulis
1223 1244 1391 1286 Graecis
1421 1246 1595 1287 fecisset.
1646 1275 1651 1277 -

370 1302 533 1345 Deinde
576 1301 674 1345 cum
712 1304 939 1345 adversarii
982 1304 1083 1345 haec
1120 1303 1248 1345 verba
1290 1304 1487 1357 dixerint,
1523 1315 1594 1345 eos
1631 1305 1808 1344 nimium

250 1361 449 1403 audacter
485 1362 647 1403 locutos
684 1374 774 1403 esse
812 1374 886 1416 per
922 1374 967 1403 se
1005 1366 1184 1417 apparet.
1246 1361 1339 1403 Hoc
1374 1362 1511 1403 solum
1547 1362 1672 1403 modo
1702 1361 1807 1403 illud

251 1420 428 1473 ,multas‘
463 1420 665 1475 explicari
695 1420 899 1475 potest.⁷‘)
947 1419 1165 1462 Praeterea
1190 1421 1304 1462 hunc
1333 1420 1473 1462 locum
1504 1426 1553 1462 ut
1582 1424 1693 1462 r'ecte
1716 1433 1808 1475 per-

249 1480 467 1533 cipiamus,
515 1492 539 1520 a
576 1479 717 1521 verbis
770 1479 897 1533 „dum
926 1479 1026 1520 facit
1055 1492 1210 1534 paucas
1241 1478 1431 1521 Latinas“
1483 1478 1605 1521 nobis
1647 1479 1809 1534 profici·

250 1537 451 1580 scendum
483 1541 566 1580 est:
602 1536 844 1580 Terentium
881 1550 1017 1593 usque
1048 1537 1100 1579 ad
1131 1538 1235 1580 illud
1267 1542 1432 1593 tempus
1461 1550 1615 1593 paucas
1644 1537 1808 1580 fabulas

249 1595 420 1638 Latinas
436 1598 651 1651 scripsisse
667 1600 708 1638 et
732 1597 867 1651 egisse
891 1600 1066 1648 constat,
1085 1597 1128 1638 id
1145 1602 1208 1638 est
1231 1597 1433 1638 Andriam
1454 1600 1495 1639 et
1515 1596 1727 1651 Hecyram
1742 1597 1807 1651 (Ι).

250 1653 365 1696 Huic
402 1656 462 1697 rei
500 1655 727 1697 adversarii
765 1654 974 1708 malitiosi,
1012 1655 1166 1710 quippe
1203 1656 1278 1711 qui
1313 1654 1479 1697 Terenti
1514 1655 1722 1697 Andriam
1752 1668 1807 1697 ex

252 1713 417 1755 duabus
447 1713 601 1755 tabulis
633 1712 803 1755 Graecis
833 1712 984 1755 factam
1016 1726 1106 1755 esse
1136 1715 1302 1766 scirent,
1334 1713 1599 1769 opponebant
1629 1714 1806 1767 „multas

253 1771 433 1813 Graecas
447 1773 789 1825 contaminasse“,
804 1775 854 1813 ut
869 1772 919 1823 ei,
946 1773 1019 1827 qui
1041 1772 1143 1814 haec
1156 1771 1283 1814 verba
1307 1771 1543 1826 audiebant,
1566 1770 1806 1814 Terentium

250 1844 334 1872 non
381 1829 506 1872 modo
550 1843 603 1873 ex
652 1830 762 1872 binis
799 1830 953 1872 fabulis
984 1830 1153 1873 Graecis
1190 1844 1288 1873 suas
1319 1830 1481 1873 tabulas
1526 1831 1690 1885 fecisse,
1734 1832 1805 1874 sed

249 1891 375 1931 etiam
391 1902 502 1942 eum,
532 1894 581 1931 ut
604 1903 734 1931 unam
758 1889 945 1930 fabulam
971 1888 1162 1931 Latinam
1187 1889 1422 1944 conficeret,
1451 1889 1606 1931 multas
1629 1889 1807 1932 Graecas

250 1949 496 2003 compilasse
527 1953 654 2004 atque
677 1949 983 1990 contaminasse
998 1952 1205 2004 putarent.
1255 1947 1368 1999 Quot
1382 1950 1512 2003 igitur
1523 1948 1601 1990 hae
1627 1949 1807 2002 ,multae‘

247 2020 293 2048 re
324 2019 423 2056 vera
452 2007 622 2060 fuerint,
652 2007 721 2048 hic
752 2008 923 2049 omnino
955 2008 1061 2048 nibil
1091 2007 1282 2061 refert.⁷⁶)

365 2065 531 2107 Harum
562 2066 742 2107 duarum
779 2079 921 2107 rerum
952 2066 1113 2108 ratione
1143 2066 1285 2107 habita
1321 2065 1394 2107 illa
1430 2065 1558 2107 verba
1594 2079 1806 2119 „rumores

251 2125 506 2166 distulerunt
542 2125 730 2166 malivoli
767 2122 894 2182 (eum)
937 2125 1094 2166 multas
1131 2124 1311 2165 Graecas
1347 2125 1669 2177 contaminasse,
1706 2125 1807 2166 dum

245 2184 345 2225 facit
383 2197 539 2238 paucas
568 2183 763 2226 Latinas“
807 2185 884 2225 etsi
931 2184 1038 2225 duae
1082 2187 1247 2224 tantum
1283 2180 1448 2224 fabulae
1484 2187 1807 2237 antecesserunt,

368 2298 408 2343 ⁷²)
433 2299 618 2334 Dziatzko:
643 2299 735 2334 Mus.
760 2299 876 2334 Rhen.
902 2309 983 2333 nov.
1009 2298 1102 2333 XXI
1128 2298 1248 2344 (1866)
1274 2309 1306 2344 p.
1332 2297 1449 2345 78s80.
1477 2319 1521 2325 —
1547 2298 1806 2335 Paeckelmann

245 2347 267 2381 l.
286 2357 313 2381 s,
332 2357 412 2412 ⁵³·ss-
430 2347 575 2428 {521}qu
598 2347 715 2427 S—scf.
745 2345 944 2436 Zilsrnlanns
969 2345 991 2380 1.
1010 2356 1037 2380 s.
1056 2356 1084 2381 s.
1102 2356 1135 2391 p.
1153 2346 1199 2382 49
1217 2356 1292 2391 sqq.

368 2394 409 2483 ⁷⁴3
435 2440 481 2474 cf.
507 2440 565 2474 Fr.
578 2403 788 2474 'Sehdetl'iius
820 2420 958 2483 quoque
989 2440 1039 2484 (in
1065 2439 1155 2474 Mus.
1181 2440 1295 2475 Rhen.
1322 2451 1401 2476 nov.
1427 2441 1521 2476 LVII
1553 2441 1675 2486 (1902)
1700 2452 1732 2486 p.
1759 2442 1805 2477 49

245 2487 324 2521 adn‘
350 2486 419 2587 2333).
437 2532 569 2569 eontra
592 2532 680 2567 nihil
705 2532 801 2568 vaiet
824 2533 860 2568 id
876 2534 968 2579 quod
985 2533 1191 2588 skutsohius
1213 2534 1250 2569 in
1268 2534 1439 2580 philologi
1462 2536 1544 2570 tom.
1562 2534 1658 2576 mx,
1684 2534 1805 2581 (1900)

245 2591 278 2625 p.
305 2581 329 2615 8
352 2580 454 2615 dlclt:
480 2579 595 2623 „Dass
619 2590 695 2615 wer
718 2580 789 2614 den
805 2580 1225 2617 Heautontimorumenos
1250 2584 1334 2626 (von
1350 2582 1416 2617 der
1430 2582 1576 2627 Hecyra
1591 2581 1805 2627 abgesehen)

245 2627 297 2663 als
321 2627 384 2663 das
408 2626 442 2662 2.
468 2625 578 2663 Stiick
602 2626 760 2672 ansieht,
791 2627 854 2663 das
885 2627 1077 2674 eigentlich
1102 2629 1177 2664 erst
1198 2628 1304 2674 J‘etzt,
1341 2628 1516 2665 nachdem
1542 2639 1583 2665 er
1606 2628 1658 2665 als
1681 2628 1804 2664 konta-

245 2675 390 2710 miniert
414 2675 589 2710 erwiesen
624 2675 686 2719 ist,
720 2675 997 2721 einigermassen
1028 2676 1289 2712 unbedenlrlich
1319 2677 1409 2711 thun
1435 2677 1539 2712 kann.
1579 2675 1710 2712 Multas
1735 2687 1803 2712 von

247 2723 380 2756 Andria
404 2723 476 2756 und
497 2722 681 2756 Perinthia
706 2721 810 2756 allein
837 2733 879 2755 zu
905 2733 1023 2767 sagen,
1050 2724 1193 2757 durften
1214 2724 1290 2757 sich
1307 2724 1395 2757 doch
1415 2724 1504 2757 w‹·hl
1532 2723 1643 2757 selbst
1658 2724 1804 2758 Terenz'
