2067 3311
890 181 1178 222 „58-

375 295 408 338 Ι.
451 296 580 352 Apud
611 295 824 339 Donatum
856 297 899 338 in
932 296 1098 340 Phorm.
1128 296 1255 353 praef.
1279 310 1318 353 p.
1347 298 1402 338 14
1426 297 1452 338 1.
1476 297 1533 339 20
1558 296 1607 339 Β..
1633 296 1812 352 legimus

256 355 376 397 haec:
405 359 728 409 „argumentum
749 368 919 411 quoque
939 369 1024 398 non
1045 356 1246 412 simplicis
1266 356 1421 411 negotii
1442 355 1567 397 habet
1585 367 1664 397 nec
1683 355 1812 397 unius

255 414 536 456 adulescentis
567 418 616 456 ut
645 415 691 456 in
716 413 898 469 Hecyra,
923 416 996 457 sed
1028 415 1205 457 duorum
1239 419 1287 457 ut
1316 416 1360 456 in
1391 416 1540 456 ceteris
1569 414 1811 467 fabulis.“²¹)

257 477 298 515 et
340 474 450 529 apud
490 473 750 517 Euanthium
787 475 831 516 in
863 473 1189 518 Reifferscheidii
1231 474 1326 517 edit.
1364 472 1549 516 Euanthi
1579 476 1621 516 et
1656 471 1811 515 Donati

254 534 480 574 commenti
496 533 549 575 de
568 534 783 575 comoedia
804 534 889 587 (lib.
909 535 1025 575 univ.
1045 532 1488 590 Vratislav.1874s75)
1509 546 1548 589 p.
1568 534 1591 574 7
1614 534 1639 575 l.
1657 534 1685 574 4
1701 545 1809 588 sqq.:

254 591 391 649 „Illud
428 593 553 634 etiam
589 593 699 635 inter
735 597 870 635 cetera
908 594 1000 635 eius
1038 592 1164 635 laude
1198 593 1370 648 dignum
1403 592 1580 647 videtur,
1610 591 1721 648 quod
1752 592 1810 633 lo·

255 651 486 707 cupletiora
510 655 758 705 argumenta
782 664 836 691 ex
861 651 1099 705 duplicibus
1124 654 1302 705 negotiis
1328 652 1526 705 delegerit
1549 652 1601 693 ad
1625 650 1810 693 scriben-

255 709 368 751 dum.
429 709 539 752 Nam
575 713 749 765 excepta
784 708 965 763 Hecyra,
1001 710 1046 751 in
1079 722 1162 764 qua
1194 710 1321 751 unius
1353 709 1560 765 Pamphili
1590 721 1707 752 amor
1737 713 1811 763 est,

256 772 417 809 ceterae
450 770 639 823 quinque
669 768 792 809 binos
817 768 1155 810 adulescentulos
1179 768 1368 810 habent.“
1414 768 1579 810 Horum
1603 781 1809 823 gramma-

254 827 433 868 ticorum
470 827 661 869 doctrina
690 830 859 882 accepta
888 825 1094 882 Nannius,
1126 839 1252 882 quem
1283 826 1523 869 Schmieder
1552 827 1597 868 in
1629 826 1810 868 editione

254 898 332 926 sua
361 887 564 940 sequitur,
595 898 766 927 versum
797 885 979 940 explicat
1008 887 1085 926 ita:
1120 889 1184 939 „et
1214 886 1325 940 apud
1359 885 1639 927 Menandrum
1669 887 1810 927 omnia

254 943 460 999 simplicia
494 943 643 999 fuisse,
686 956 819 986 unum
858 956 1020 996 senem,
1061 944 1277 997 iuvenem,
1322 944 1517 998 amicam,
1559 956 1747 996 servum3
1786 957 1811 984 a

252 1002 445 1045 Terentio
472 1016 570 1045 vero
594 1004 670 1045 has
694 1016 893 1058 personas
919 1003 1107 1058 duplices
1131 1015 1222 1045 esse
1245 1003 1410 1045 factas“.
1457 1002 1574 1045 Idem
1600 1003 1686 1045 fere
1711 1003 1811 1045 dicit

254 1059 638 1119 Westerhovius.²²)
700 1061 781 1103 Sed
818 1063 999 1116 primum
1039 1075 1122 1116 qua
1157 1063 1318 1104 ratione
1353 1075 1456 1104 usus
1485 1061 1705 1104 Terentius
1735 1061 1810 1103 has

253 1133 453 1174 personas
484 1121 671 1175 duplices
697 1121 854 1173 fecerit,
884 1133 967 1161 non
995 1120 1151 1162 dicunt.
1198 1119 1360 1163 Deinde
1386 1133 1553 1175 quaero,
1584 1133 1809 1175 quemnam

253 1182 534 1233 spectatorum
572 1179 676 1220 haec
711 1178 840 1220 verba
875 1180 934 1220 ita
972 1178 1230 1220 intellexisse
1262 1180 1343 1220 viri
1379 1179 1491 1221 docti
1527 1183 1692 1234 putent3
1731 1178 1809 1219 hac

253 1238 298 1278 in
335 1249 380 1278 re
411 1236 614 1278 Dziatzko
644 1249 794 1278 verum
824 1237 1033 1278 intellexit
1061 1250 1221 1292 negans
1252 1237 1360 1278 hanc
1390 1237 1611 1279 obscuram
1641 1240 1807 1279 senten-

254 1297 376 1347 tiam,
413 1296 580 1351 qualem
614 1296 725 1351 apud
756 1297 1049 1350 grammaticos
1079 1295 1287 1351 legamus,
1323 1308 1444 1351 posse
1473 1295 1639 1338 Terenti
1669 1295 1808 1338 fuisse.

373 1353 438 1396 Ob
475 1355 649 1397 eandem
686 1367 775 1396 rem
806 1354 959 1396 Leonis
1001 1355 1043 1408 (1.
1075 1368 1106 1396 s.
1137 1368 1168 1397 s.
1199 1368 1236 1410 p.
1263 1356 1334 1409 22)
1366 1356 1571 1396 sententia
1607 1355 1808 1410 displicet.

252 1412 423 1455 Etenim
465 1414 534 1455 hic
576 1426 745 1468 quoque
784 1414 848 1454 vir
885 1414 1031 1455 doctus
1069 1414 1326 1454 comoediam
1363 1414 1571 1468 duplicem
1610 1413 1808 1469 appellari

251 1475 373 1527 putat
392 1476 621 1527 propterea,
643 1472 756 1527 quod
773 1472 952 1513 duorum
969 1472 1299 1513 adulescentium
1316 1473 1483 1527 negotia
1498 1472 1807 1526 complectatur.

253 1529 366 1580 Quin
397 1530 471 1573 illa
502 1531 752 1584 obscuritas,
786 1543 914 1586 quam
943 1531 987 1571 in
1019 1530 1147 1572 verbo
1179 1530 1386 1585 „duplex“
1418 1543 1509 1572 esse
1540 1531 1737 1583 vidimus,
1773 1531 1808 1571 si

252 1589 433 1631 Leonem
460 1591 691 1644 sequimur,
721 1602 770 1631 eo
795 1593 984 1644 augetur,
1016 1589 1129 1644 quod
1160 1590 1361 1644 ,simplex‘
1391 1603 1466 1645 pro
1492 1590 1600 1642 ,uno‘
1624 1591 1807 1645 positum

252 1661 344 1690 esse
380 1653 539 1701 censet,
576 1649 617 1690 id
651 1648 764 1703 quod
795 1648 873 1690 hoc
904 1660 1042 1701 versu,
1079 1661 1163 1703 quo
1194 1648 1374 1703 ,duplex‘
1404 1648 1537 1690 inulto
1569 1648 1650 1689 alio
1681 1661 1808 1690 sensu

251 1707 486 1763 praeditum
518 1708 714 1763 usurpari
744 1708 811 1749 vir
841 1707 989 1749 doctus
1019 1708 1176 1761 statuit,
1207 1719 1308 1749 sane
1331 1707 1431 1749 ferri
1456 1708 1612 1762 nequit.
1659 1707 1808 1762 Neque

252 1770 316 1808 est
351 1767 549 1809 credibile
584 1766 742 1821 figurae
782 1769 821 1807 et
860 1765 1107 1808 elocutionis
1141 1767 1372 1808 venustatis
1403 1779 1529 1808 causa
1559 1770 1721 1821 poetam
1755 1767 1807 1808 ad

252 1829 411 1868 tantam
443 1826 736 1868 obscuritatem
768 1838 1036 1867 accessurum
1065 1825 1206 1868 fuisse.

370 1885 520 1939 Neque
555 1886 690 1939 magis
726 1885 862 1939 placet
899 1884 963 1926 Fr.
995 1884 1177 1926 Schoelli
1213 1885 1367 1939 opinio,
1404 1898 1531 1938 quam
1564 1884 1618 1926 M.
1644 1884 1806 1927 Schanz

252 1944 361 1998 (hist.
393 1943 470 1985 litt.
502 1943 621 1986 Rom.
656 1943 700 1984 ²1
730 1957 768 1999 p.
795 1944 869 1996 81)
900 1942 1040 1985 attulit
1069 1947 1196 1998 atque
1226 1944 1398 1998 recepit:
1434 1942 1543 1996 „Das
1570 1945 1807 1997 Argumen-

251 2007 344 2044 tum
374 2005 428 2044 ist
452 2003 645 2058 simplex,
675 2002 774 2044 aber
798 2003 865 2044 die
891 2001 1223 2055 Durchfiihrung
1248 2001 1464 2044 desselben
1489 2002 1807 2057 verschlungen.

251 2060 332 2104 Die
367 2061 509 2104 fabula
545 2064 600 2104 ist
636 2061 769 2103 durch
807 2062 874 2103 die
906 2060 1046 2103 Kunst
1082 2061 1156 2103 des
1188 2060 1379 2102 Dichters
1415 2062 1509 2102 eine
1541 2057 1809 2119 πολύτροπος

250 2125 357 2162 trotz
389 2122 462 2163 des
492 2121 709 2163 einfachen
736 2120 920 2163 Stoffes“.
953 2119 1102 2175 Neque
1126 2133 1226 2162 vero
1252 2133 1337 2161 vox
1362 2120 1542 2175 ,duplex‘
1573 2121 1638 2162 his
1668 2120 1807 2162 verbis

252 2179 498 2234 explicatur.
564 2179 785 2221 Praeterea
828 2181 864 2220 si
905 2179 1048 2219 fabula
1086 2174 1355 2236 πολύτροπος
1391 2183 1470 2232 est,
1513 2185 1807 2233 argumentum

251 2238 417 2279 fabulae
442 2239 497 2291 (h.
522 2251 556 2279 e.
581 2238 637 2291 id,
668 2238 782 2292 quod
805 2238 850 2277 in
874 2236 1017 2278 fabula
1042 2238 1192 2292 agitur)
1220 2237 1364 2278 eodem
1391 2237 1514 2279 modo
1538 2233 1808 2295 πολίτροπον

252 2309 343 2338 esse
374 2309 452 2350 ego
484 2297 652 2351 quidem
685 2296 931 2348 arbitror.²⁸)

373 2400 415 2446 ἰ)
441 2400 611 2436 Similiter
634 2400 793 2435 Donatus
818 2400 861 2435 ad
885 2400 1040 2435 Andriae
1065 2400 1102 2435 II
1130 2401 1147 2434 1
1174 2411 1208 2435 v.
1236 2402 1276 2435 1:
1314 2401 1381 2445 „In
1410 2401 1477 2436 hoc
1502 2400 1673 2446 colloquio
1698 2401 1810 2437 altera

250 2459 333 2493 pars
357 2448 558 2484 ostenditur
579 2447 732 2491 fabulae,
757 2448 788 2482 si
812 2447 954 2492 quidem
970 2447 1104 2483 Andria
1120 2459 1166 2483 ex
1181 2447 1332 2484 duorum
1348 2447 1625 2484 adolescentium
1642 2448 1808 2493 periculis

249 2495 456 2541 gaudiisque
474 2494 707 2540 componitur,
727 2505 809 2529 cum
824 2494 902 2530 fere
919 2494 1028 2530 solam
1044 2495 1224 2540 Hecyram
1240 2496 1427 2531 Terentius
1443 2506 1490 2530 ex
1505 2495 1612 2530 unius
1628 2497 1808 2531 comoedia

251 2543 487 2578 adolescentis
518 2542 718 2578 effecerit‘fi
768 2541 866 2577 Alios
895 2541 990 2578 locos
1019 2542 1066 2578 ef.
1098 2542 1191 2587 apud
1215 2542 1430 2579 Nencinium
1455 2542 1477 2578 l.
1504 2553 1531 2578 s.
1558 2553 1585 2578 S.
1623 2554 1657 2587 p.
1683 2543 1729 2578 66
1753 2553 1805 2588 sq.

372 2590 415 2634 ²²)
441 2588 888 2625 Westerhov-Stallbaum:
912 2590 990 2625 Ter.
1015 2589 1108 2625 sabb.
1127 2590 1181 2625 ed.
1208 2590 1369 2637 (183011)
1394 2590 1450 2625 111
1474 2601 1508 2635 p.
1533 2591 1556 2626 8
1581 2590 1625 2625 ad
1648 2590 1683 2625 h.
1709 2601 1743 2624 v.

371 2637 414 2680 ²⁸)
440 2636 663 2673 Sententiam
676 2647 776 2672 suam
788 2636 950 2672 defendit
962 2637 1018 2672 Fr.
1030 2636 1170 2673 Schoell
1182 2637 1220 2672 in
1232 2637 1324 2673 Mus.
1341 2637 1456 2673 Rhen.
1470 2648 1552 2672 nov.
1568 2637 1670 2672 LVII
1686 2637 1807 2683 (1902)

250 2696 283 2729 p.
309 2684 357 2720 48
373 2695 425 2730 sq.
451 2684 565 2720 allatis
601 2682 679 2719 aliis
702 2682 800 2726 locis,
837 2683 963 2739 quibus
988 2684 1166 2730 „duplex“
1203 2685 1328 2720 eodem
1363 2685 1466 2720 modo
1502 2686 1608 2729 atque
1634 2684 1807 2720 Graecum

250 2730 447 2772 ,,διπλοῦς“
484 2731 705 2777 significaret
741 2731 1026 2777 ,,πολυτροπος.“
1080 2730 1178 2774 Quae
1215 2731 1426 2777 significatio
1459 2731 1630 2767 translata
1661 2730 1704 2766 ab
1741 2731 1807 2767 hoc

249 2779 326 2816 loco
351 2779 519 2817 abhorret
544 2778 601 2816 vel
626 2778 670 2814 ob
696 2789 774 2815 eam
799 2789 887 2821 rem,
912 2779 1003 2827 quod
1028 2778 1181 2827 ,duplex‘
1208 2779 1285 2816 voci
1310 2778 1484 2827 ,simplex‘
1508 2778 1705 2826 opponitur.
