2067 3311
841 166 1132 218 *264-

208 294 310 349 quid
340 293 559 336 Terentius
588 294 632 335 in
664 292 790 337 Lusci
821 293 1045 337 Phasmate
1074 294 1398 350 reprehenderit,
1433 307 1511 337 nos
1541 294 1763 349 nescimus,

207 355 459 408 soectatores
489 365 601 407 vero,
631 365 728 395 cum
759 353 862 395 haec
890 353 1034 396 fabula
1064 366 1198 409 nuper
1222 357 1313 396 acta
1337 356 1457 407 esset,
1486 366 1572 395 non
1596 354 1762 409 ignora-

208 415 371 453 verunt.
417 411 628 453 Nimirum
661 412 763 453 haec
792 411 936 454 fabula
961 417 1108 455 exacta
1132 417 1231 465 erat,
1260 413 1303 453 id
1325 412 1439 467 quod
1464 413 1547 454 iam
1573 411 1763 454 Donatus

207 471 445 526 suspicatur
475 470 640 512 dicens:
677 470 756 524 „Et
793 470 899 513 bene
930 484 1056 526 ,nunc
1087 471 1231 527 nuper‘
1261 476 1309 520 ut
1339 483 1394 513 ex
1424 471 1637 513 vicinitate
1666 470 1763 512 facti

208 529 399 571 ostendat
436 529 542 570 nihil
573 542 664 571 esse
695 529 933 583 dicendum,
972 544 1099 586 quam
1131 530 1389 586 displicuerit
1419 530 1521 571 haec
1550 530 1764 572 comoedia

209 587 351 630 Luscii
383 587 567 642 Lavinii‚
602 593 820 644 propterea
857 589 970 644 quod
1008 602 1075 632 res
1112 602 1257 632 recens
1292 590 1347 631 sit
1377 593 1419 631 et
1448 601 1593 631 omnes
1618 589 1763 631 memi-

207 648 422 689 ncrint“.⁶⁶

326 649 468 761 Atque
498 707 599 748 haec
630 706 801 761 quidem
818 707 1030 749 hactenus.
1092 707 1181 749 Iam
1211 707 1316 749 illud
1337 707 1565 760 videamus,
1587 707 1689 761 quid
1710 719 1764 748 ex

210 766 273 806 his
294 765 396 807 locis
421 765 473 806 de
493 764 729 807 fabularum
757 766 902 807 ordine
932 766 1167 808 lucremur:
1189 766 1371 808 Omnino
1395 765 1514 818 nihil,
1534 771 1581 807 ut
1605 766 1763 821 opinor,

206 823 460 879 proficimus.
521 822 690 866 Etenim
721 824 799 866 hae
828 823 994 866 Terenti
1026 826 1359 867 insimulationes
1389 838 1414 867 a
1444 823 1607 866 duabus
1637 823 1764 866 rebus

206 882 548 938 proficiscuntur:
594 884 683 925 Aut
733 882 952 926 Terentius
995 883 1121 926 Lusci
1164 884 1326 926 fabulas
1371 884 1609 939 nuperrime
1651 886 1764 925 actas

205 943 386 997 respicit,
419 946 467 984 ut
500 943 545 983 in
571 941 680 983 Eun.
704 943 807 997 prol.
839 956 877 984 v.
906 943 932 984 9
957 955 1074 998 sqq.;
1109 944 1152 984 in
1185 943 1337 985 Heaut.
1368 943 1469 998 prol.
1501 956 1539 984 v.
1564 943 1620 984 30
1652 955 1761 997 sqq.;

205 1000 380 1042 fortasse
411 1001 493 1042 huc
524 1005 682 1055 spectat
711 1001 815 1043 illud
856 1001 985 1055 „bene
1016 1003 1242 1044 vortend0“
1281 1001 1406 1055 (Eun.
1436 1002 1537 1057 prol.
1569 1015 1607 1043 v.
1642 1000 1698 1055 7),
1727 1002 1763 1042 si

205 1072 254 1101 ea
286 1060 337 1101 de
367 1072 413 1101 re
446 1058 622 1101 Luscius
652 1060 742 1114 ipse
765 1060 968 1114 gloriatus
988 1065 1060 1102 est.
1105 1061 1195 1101 Aut
1217 1060 1434 1102 Terentius
1463 1061 1514 1101 de
1539 1061 1599 1102 eis
1623 1060 1762 1112 rebus,

207 1131 315 1173 quae
346 1119 407 1160 eis
438 1119 564 1172 vitiis,
595 1131 706 1173 quae
737 1119 965 1161 adversarii
989 1119 1070 1174 ipsi
1094 1119 1260 1160 crimini
1285 1118 1502 1172 dederunt,
1532 1119 1763 1160 contrariae

206 1181 317 1230 sunt,
355 1175 453 1218 illos
484 1177 695 1231 obiurgat,
736 1182 783 1218 ut
820 1178 864 1218 in
896 1177 1027 1219 Andr.
1059 1178 1146 1232 prol
1181 1190 1218 1219 V.
1252 1177 1304 1218 21
1339 1177 1553 1231 (‚,istorum
1587 1177 1764 1219 obscura

205 1236 444 1292 diligentia“
476 1237 701 1292 opponitur
729 1235 895 1278 Terenti
926 1235 1353 1291 ,‚contaminationi“);
1385 1236 1430 1277 in
1463 1235 1630 1278 Phorm.
1660 1236 1763 1291 prol.
1798 1243 1801 1246 ’

208 1309 245 1336 v.
278 1296 304 1336 6
336 1308 426 1350 sqq.
452 1295 584 1351 (quod
615 1296 843 1337 adversarii
875 1296 913 1337 ei
955 1300 1145 1349 „tenuem
1179 1296 1409 1337 orationem
1440 1301 1482 1337 et
1511 1296 1763 1351 scripturam

206 1354 368 1397 levem“
384 1355 549 1396 crimini
563 1354 775 1409 dederant,
799 1353 1018 1396 Terentius
1040 1366 1112 1396 eos
1132 1354 1312 1410 tragicae
1337 1354 1531 1396 dictionis
1556 1355 1764 1407 accusat).

208 1498 232 1549 ξ
259 1498 299 1538 4.
363 1465 428 1538 De
460 1498 535 1538 eis
570 1495 887 1549 prologorum
924 1496 1061 1547 locis,
1093 1496 1281 1549 quibus
1311 1496 1565 1538 Terentius
1596 1496 1764 1539 adver-

779 1569 928 1608 sariis
961 1569 1190 1609 minatur.

327 1650 376 1692 In
423 1650 620 1692 omnibus
661 1650 748 1691 fere
791 1650 975 1704 prologis
1019 1649 1237 1691 Terentius
1279 1650 1527 1691 adversariis
1569 1651 1765 1703 minatur,

205 1711 295 1751 sive
326 1709 463 1751 solum
496 1710 596 1751 dicit
626 1722 672 1751 se
703 1722 848 1750 eorum
877 1709 976 1750 vitia
1000 1709 1154 1750 futuris
1179 1708 1436 1764 temporibus
1460 1710 1763 1763 patefacturum

206 1780 297 1810 esse
328 1769 475 1821 (Andr.
505 1768 609 1823 prol.
643 1781 680 1809 V.
707 1769 780 1819 22)
811 1769 901 1808 sive
932 1769 993 1809 eis
1018 1768 1119 1808 vitia
1150 1768 1333 1822 profecto
1364 1767 1491 1809 obicit
1520 1768 1677 1809 addens
1708 1780 1763 1820 se,

205 1828 241 1868 si
271 1827 523 1868 maledicere
553 1839 638 1868 non
665 1827 869 1877 desinant,
900 1826 1021 1880 plura
1046 1839 1192 1867 eorum
1218 1826 1370 1881 probra
1393 1827 1438 1867 in
1469 1826 1608 1868 lucem
1622 1827 1764 1881 >prola-

205 1890 350 1927 turum
370 1898 461 1927 esse
480 1884 650 1939 (Heaut.
669 1885 770 1940 prol.
791 1898 859 1925 vv.
873 1883 1031 1940 33s343
1055 1884 1161 1926 Eun.
1181 1886 1282 1939 prol.
1299 1898 1366 1926 vv,
1384 1886 1574 1937 14—193
1599 1885 1764 1927 Phorm.

205 1946 307 2000 prol.
339 1958 407 1987 vv.
440 1944 666 2001 22s23).⁵⁷)

325 2002 491 2053 Quibus
530 2003 634 2045 locis
673 2005 783 2044 inter
824 2016 869 2044 se
900 2003 1062 2044 collatis
1093 2003 1283 2044 ordinem
1313 2003 1549 2044 fabularum
1583 2007 1765 2045 statuere

207 2077 303 2105 cum
337 2064 417 2105 viri
448 2064 559 2106 docti
589 2064 727 2105 conati
758 2063 859 2116 sint,
898 2074 1103 2104 verumne
1135 2062 1334 2115 viderint,
1374 2065 1421 2103 ut
1452 2074 1764 2118 cognoscamus,

204 2135 282 2163 nos
306 2135 477 2177 quoque
501 2123 578 2164 hos
594 2123 707 2163 locos
731 2123 840 2163 inter
853 2134 897 2162 se
914 2134 1215 2175 comparemus.
1253 2120 1365 2163 Dicit
1386 2126 1525 2163 autem
1547 2121 1765 2163 Terentius

205 2183 249 2222 in
309 2181 399 2223 rolo
428 2182 466 2223 is
577 2178 581 2181 “

210 2241 248 2287 l)
281 2194 467 2282 pAndr-igae
491 2240 547 2294 (v.
563 2241 634 2291 22)
661 2238 848 2292 „Dehinc
875 2243 921 2280 ut
946 2240 1165 2293 quiescant
1188 2251 1311 2293 porro
1336 2237 1486 2280 moneo
1511 2242 1552 2280 et
1574 2239 1765 2280 desinant

422 2298 531 2340 Male
563 2298 711 2350 dicere,
741 2298 959 2338 malefacta
990 2310 1043 2338 ne
1074 2301 1249 2338 noscant
1278 2298 1392 2339 sua.“

207 2358 251 2412 2)
282 2357 437 2399 Heaut.
461 2357 515 2410 (v.
538 2357 632 2409 33):
666 2355 753 2409 „De
783 2356 899 2397 illius
930 2357 1108 2411 peccatis
1138 2356 1284 2411 plura
1315 2357 1466 2409 dicet,
1498 2369 1626 2411 quom
1652 2356 1767 2398 dabit

421 2416 541 2458 Alias
571 2428 716 2468 novas,
746 2415 828 2456 nisi
857 2414 984 2457 finem
1019 2414 1248 2457 maledictis
1278 2415 1411 2457 facit.“

206 2478 247 2528 3)
278 2475 390 2517 Eun.
412 2477 495 2529 (vv.
513 2472 678 2531 14s19):
710 2472 896 2527 „Dehinc
921 2487 976 2516 ne
999 2474 1224 2516 frustretur
1247 2476 1336 2530 ipse
1355 2487 1401 2517 se
1430 2479 1505 2517 aut
1529 2475 1589 2516 sic
1614 2476 1767 2530 cogitet

417 2534 667 2588 ‚Defunctus
697 2534 779 2575 iam
811 2546 918 2587 sum,
948 2534 1008 2575 nil
1039 2539 1102 2576 est
1133 2534 1247 2589 quod
1278 2534 1388 2576 dicat
1418 2534 1550 2575 mihi‘:

418 2593 461 2635 Is
490 2606 546 2635 ne
576 2598 685 2634 erret
716 2605 864 2633 moneo
896 2597 937 2634 et
968 2593 1129 2634 desinat
1159 2593 1371 2635 lacessere.

326 2686 368 2731 ⁵⁶)
394 2686 526 2724 Contra
549 2685 656 2721 Fabia
680 2684 716 2731 (1.
735 2697 762 2720 s.
782 2696 808 2720 s.
828 2696 859 2731 p.
877 2686 962 2730 268)
988 2696 1111 2731 pamm
1137 2685 1329 2721 concludit:
1355 2686 1429 2729 „Le
1445 2696 1528 2720 vers
1545 2696 1591 2720 ne
1609 2684 1766 2720 contient

207 2745 268 2779 pas
293 2745 364 2769 une
390 2733 561 2779 critique:
586 2732 612 2767 il
637 2732 731 2768 n'est
756 2732 887 2777 qu’une
911 2733 1136 2768 indication“.

326 2781 369 2825 ⁶⁷)
395 2782 441 2816 cf.
468 2780 737 2816 Roehrichtium
764 2780 785 2814 l.
813 2791 839 2815 s.
866 2791 893 2815 S.
920 2792 952 2824 p.
980 2781 1025 2815 36
1051 2781 1110 2826 (=
1136 2780 1229 2815 Diss.
1256 2780 1339 2824 phil.
1367 2782 1450 2825 Arg.
1476 2780 1532 2815 IX
1558 2791 1589 2824 p.
1616 2779 1711 2819 328).
