2067 3311
889 105 1179 147 -59-

258 228 310 269 de
339 240 466 269 causa
496 224 745 267 Ambivium
775 222 914 264 dicere
943 234 1080 278 posse:
1116 222 1300 276 „fabulas
1330 223 1463 278 pretio
1494 227 1654 277 emptas
1682 222 1811 265 meo“.

259 284 376 335 Quae
397 283 605 326 sententia
628 294 654 322 a
677 279 904 322 Ritschelio
927 279 1100 335 probata
1124 282 1201 323 etsi
1224 280 1310 323 fere
1334 280 1530 323 omnibus
1554 281 1657 322 viris
1681 280 1813 322 doctis

258 341 525 397 imposuit,¹⁴)
555 340 660 381 mihi
690 342 829 380 tamen
861 339 1081 393 scrupulos
1112 340 1315 393 quosdam
1345 341 1487 381 movit.

376 399 409 441 Ι.
449 397 568 452 Nego
599 397 713 438 enim
744 397 962 438 dominum
991 397 1140 452 gregis,
1171 398 1207 439 si
1236 397 1379 439 fabula
1408 400 1555 439 exacta
1575 400 1676 450 erat,
1705 396 1810 437 illud

256 460 450 516 pretium,
482 455 594 512 quod
626 456 779 499 aediles
809 462 954 512 poetae
985 456 1279 512 pependerant,
1309 456 1514 500 aedilibus
1543 455 1717 499 reddere
1741 455 1810 498 de-

257 516 467 569 buisse.¹⁵)
506 515 676 556 Etenim
697 516 774 557 etsi
796 516 992 556 dominus
1010 517 1149 570 gregis
1169 516 1352 558 fabulam
1374 517 1664 558 aestimaverat
1683 518 1811 570 atque

257 576 421 618 dixerat
456 573 643 630 fabulam
672 573 824 616 bonam
854 574 1131 629 idoneamque
1162 587 1269 628 esse,
1305 578 1443 617 tamen
1475 573 1721 630 singulaene
1748 573 1808 615 fa-

258 634 382 675 bulae
404 633 559 688 populo
584 633 812 687 placiturae
836 637 985 686 essent,
1010 645 1064 674 ne
1088 634 1283 674 dominus
1302 633 1472 687 quidem
1490 634 1630 687 gregis
1648 644 1811 686 semper

257 695 370 734 certo
401 691 566 734 sciebat.
614 690 722 733 Nam
753 695 794 734 et
823 703 1042 734 successus
1071 691 1238 733 tabulae
1269 695 1311 733 et
1334 691 1589 733 calamitates
1612 702 1810 746 persaepe

255 763 393 805 neque
423 751 468 791 in
499 749 664 792 fabulae
697 763 833 805 neque
863 751 905 791 in
939 754 1127 792 actorum
1159 749 1387 792 virtutibus
1417 753 1491 792 aut
1516 750 1628 792 vitiis
1653 750 1811 804 positae

256 812 366 864 sunt,
398 808 470 851 sed
500 808 645 850 multis
676 809 719 850 in
751 808 845 850 aliis
874 808 1014 862 rebus⁷
1044 808 1086 849 id
1116 808 1228 863 quod
1254 812 1434 863 utraque
1456 809 1596 865 priore
1619 807 1811 861 Hecyrae

255 869 417 909 actione
442 869 542 909 satis
568 867 886 909 demonstratur.
940 865 1058 916 Quae
1081 880 1177 908 cum
1203 868 1262 909 ita
1286 868 1383 921 sint,
1412 869 1448 909 si
1472 866 1615 909 fabula
1638 867 1812 909 exclusa

256 930 356 979 erat,
386 925 522 968 solum
555 926 769 967 dominum
801 924 943 981 gregis
974 925 1174 967 damnum
1207 927 1414 981 accepisse
1443 926 1652 981 quomodo
1676 929 1812 980 potest

257 984 457 1040 cogitari?
504 984 760 1026 Addendum
785 988 858 1037 est,
884 984 996 1039 quod
1023 984 1219 1026 dominus
1238 985 1378 1040 gregis
1398 985 1488 1026 sive
1507 983 1649 1025 fabula
1668 983 1810 1039 placu-

257 1047 345 1086 erat
374 1045 463 1086 sive
493 1057 592 1098 non,
622 1044 807 1099 aliquam
838 1044 1039 1099 pecuniae
1066 1056 1273 1086 summam
1299 1043 1351 1086 ab
1376 1043 1582 1087 aedilibus
1606 1043 1812 1099 acceperit

256 1115 426 1144 necesse
451 1105 513 1144 est
536 1107 763 1158 propterea,
789 1103 901 1157 quod
919 1115 1040 1143 suam
1059 1103 1282 1157 gregisque
1299 1115 1469 1158 operam
1488 1102 1573 1144 illis
1591 1103 1809 1144 locaverat.

258 1160 395 1211 Quam
437 1173 527 1203 rem
558 1165 611 1203 *et
652 1162 742 1216 ipse
784 1162 977 1216 quaestui
1019 1160 1197 1203 habebat
1233 1165 1274 1203 et
1309 1163 1427 1217 gregi
1462 1174 1539 1204 suo
1576 1161 1810 1203 mercedem

258 1220 356 1261 dare
394 1219 633 1272 debebat.1⁶)
680 1219 729 1260 Id
761 1231 895 1260 unum
925 1219 1162 1261 addubitari
1191 1223 1346 1274 potest,
1383 1220 1626 1261 dederintne
1656 1219 1811 1260 aediles

257 1279 427 1321 domino
456 1278 740 1333 gregisillam
767 1291 975 1321 summam
1000 1281 1097 1321 ante
1121 1291 1214 1321 eam
1238 1279 1446 1321 actionem
1469 1292 1523 1320 an
1548 1281 1653 1334 post.
1698 1276 1811 1328 Quid

256 1339 385 1391 igitur
414 1337 495 1378 sibi
526 1338 617 1379 vult
647 1336 802 1378 Donati
832 1337 1072 1378 adnotatio?

373 1394 429 1437 11.
463 1394 624 1438 Deinde
654 1394 809 1438 Donati
839 1395 1073 1452 explicatio,
1105 1398 1153 1438 ut
1182 1408 1256 1451 per
1286 1408 1331 1438 se
1356 1396 1408 1438 ab
1434 1396 1549 1438 omni
1573 1395 1811 1438 verisimili-

258 1455 403 1496 tudine
445 1456 581 1496 aliena
622 1459 703 1508 est,
744 1456 803 1496 ita
838 1455 944 1510 ipsis
980 1454 1082 1497 Hec.
1119 1456 1221 1509 prol.
1263 1455 1400 1497 verbis
1436 1467 1671 1510 repugnare
1707 1455 1810 1495 mihi

258 1513 434 1556 videtur.
495 1512 608 1555 Dicit
638 1514 751 1555 enim
781 1512 1008 1555 Ambivius
1038 1513 1157 1555 haec:
1204 1514 1417 1569 „mihique
1447 1517 1496 1555 ut
1526 1514 1686 1555 discere

468 1571 611 1614 Novas
641 1572 836 1628 expediat
865 1572 1037 1628 posthac
1066 1573 1199 1627 pretio
1230 1577 1390 1628 emptas
1420 1573 1549 1615 meo“.

376 1630 486 1680 Quid
530 1632 642 1673 enim
678 1631 792 1673 aliud
828 1630 960 1673 verba
996 1630 1232 1685 significare
1268 1636 1445 1686 possunt
1480 1632 1562 1673 nisi
1602 1634 1673 1685 „ut
1708 1631 1812 1671 mihi

259 1690 453 1746 expediat
481 1690 644 1732 fabulas
675 1703 823 1744 novas,
866 1703 970 1745 quas
1000 1690 1090 1746 ipse
1118 1702 1213 1732 meo
1244 1691 1377 1746 pretio
1409 1691 1511 1745 emi,
1546 1690 1719 1746 posthac
1750 1689 1810 1731 di-

257 1750 407 1802 scere“,
452 1749 494 1789 id
526 1750 637 1803 quod
669 1748 905 1803 postulatur
934 1752 1143 1790 structura
1178 1750 1460 1804 grammatica.
1529 1747 1809 1798 Quamobrem

258 1807 499 1862 Ambivius,
541 1808 639 1849 licet
675 1806 866 1849 Donatus
909 1807 960 1849 de
1002 1808 1135 1863 pretio
1171 1807 1376 1850 aedilibus
1412 1807 1624 1850 reddendo
1662 1819 1811 1848 verum

259 1867 491 1920 tradiderit,
532 1867 582 1908 de
619 1868 678 1908 eis
715 1867 815 1908 solis
850 1866 1021 1919 fabulis,
1058 1880 1166 1921 quae
1196 1866 1379 1909 abiectae
1409 1871 1546 1920 erant,
1580 1867 1653 1908 illa
1683 1866 1812 1908 verba

257 1926 460 1980 usurpare
496 1926 650 1980 potuit,
687 1938 771 1966 non
810 1925 861 1966 de
897 1925 1108 1967 universis
1138 1925 1302 1967 fabulis.
1363 1925 1445 1968 Sed
1476 1938 1529 1967 ne
1560 1926 1611 1966 de
1641 1925 1812 1966 abiectis

258 1984 429 2039 quidem
458 1983 612 2026 fabulis
643 1983 770 2026 verba
799 1983 986 2039 intellegi
1015 1988 1203 2040 possunt,
1234 1998 1334 2026 cum
1358 1984 1585 2027 Ambivius
1609 1987 1735 2039 petat,
1765 1989 1813 2025 ut

257 2042 337 2085 sibi
368 2043 563 2099 expediat
591 2055 724 2086 novas
755 2043 913 2086 discere
942 2044 1075 2099 pretio
1107 2047 1267 2100 emptas
1297 2056 1386 2086 suo.

374 2102 452 2145 III.
479 2101 617 2152 Quare
643 2103 843 2159 quoniam
865 2101 1019 2145 Donati
1044 2103 1366 2159 explicationem
1390 2107 1432 2145 et
1455 2115 1530 2158 per
1553 2115 1599 2144 se
1624 2102 1676 2144 ab
1697 2103 1814 2144 omni

258 2162 621 2204 verisimilitudine
646 2175 736 2204 esse
760 2162 940 2204 alienam
965 2166 1007 2218 et
1030 2163 1132 2218 ipsis
1157 2162 1258 2205 Hec.
1279 2163 1382 2217 prol.
1403 2162 1542 2204 verbis
1566 2174 1815 2217 repugnare,

256 2222 406 2274 immo,
442 2221 478 2262 si
515 2220 628 2262 hunc
664 2221 881 2276 prologum
919 2224 1031 2263 recte
1060 2222 1333 2277 percipimus,
1369 2222 1484 2263 omni
1514 2233 1643 2263 sensu
1672 2233 1814 2262 carere

258 2279 457 2333 vidimus,
480 2278 672 2321 Donatus
696 2280 741 2320 in
766 2280 844 2321 hac
869 2281 1114 2334 quaestione
1139 2280 1407 2322 diiudicanda
1426 2292 1598 2335 prorsus
1619 2280 1813 2321 omitten-

258 2339 340 2381 dus
365 2342 439 2392 est,
468 2339 712 2393 praesertim
737 2351 847 2392 cum,
871 2338 985 2380 unde
1009 2338 1081 2381 illa
1102 2339 1298 2393 hauserit,
1323 2341 1413 2394 ipse
1433 2342 1539 2381 tecte
1558 2339 1812 2394 pronuntiet.

377 2419 430 2464 ¹⁴)
445 2420 491 2454 cf.
527 2421 669 2463 praeter
704 2429 782 2463 eos,
820 2430 907 2464 quos
943 2420 1039 2455 infra
1075 2420 1374 2464 commemorabo,
1411 2420 1574 2465 Krueger
1608 2419 1651 2454 ad
1687 2419 1813 2454 Horati

257 2467 367 2512 Epist.
385 2466 421 2501 II
441 2467 472 2510 1,
500 2468 567 2501 175
585 2468 622 2501 et
637 2465 867 2501 Friedliinder
882 2477 937 2510 ap.
954 2466 1170 2512 Marquardt.
1196 2468 1319 2511 „Rom
1334 2465 1605 2502 Staatsverw.“'
1620 2465 1676 2500 III
1691 2466 1814 2511 (1885)

256 2525 289 2559 p·
316 2514 503 2615 538¹&qu
526 2560 596 2596 iam
621 2560 841 2615 thmichen
865 2560 888 2595 l.
914 2570 942 2595 s.
968 2571 1015 2596 s.:
1049 2561 1140 2605 „Die
1171 2561 1271 2597 nicht
1295 2561 1398 2596 recht
1420 2560 1517 2615 klare
1541 2559 1817 2606 Verpflichtung

259 2619 324 2644 zur
347 2608 584 2653 Entnchtung
608 2618 709 2643 einer
731 2607 966 2644 Strafsumme
992 2608 1049 2644 bei
1064 2608 1262 2644 Missfallen
1279 2609 1342 2644 des
1358 2607 1613 2654 aufgefiihrten
1628 2606 1813 2644 Stiickes“.

258 2655 304 2691 cf.
331 2656 437 2692 etiam
462 2655 620 2691 Amdohr
643 2655 666 2691 l.
693 2665 720 2691 s.
747 2666 774 2691 s.
800 2665 832 2700 p.
859 2654 916 2690 24.

378 2702 420 2747 ¹⁶)
447 2703 492 2738 cf.
519 2702 672 2739 Macrob.
697 2702 769 2739 Sat.
794 2702 850 2738 III
877 2703 933 2744 14,
960 2703 1014 2738 13.
