2067 3311
844 200 1135 245 -16-

209 321 401 375 efficitur,
432 323 480 363 ut
509 333 563 363 ne
594 321 637 362 hi
669 321 851 376 quidem,
883 321 984 377 quid
1017 320 1191 374 ,fabulas
1222 323 1515 366 contaminare‘
1547 317 1768 376 significet,

211 394 348 435 usque
377 381 431 421 ad
460 380 567 421 illud
598 384 765 435 tempus
795 381 1004 422 sciverint.

328 438 397 480 Ex
427 439 493 481 his
523 439 652 493 igitur
683 439 784 480 haec
815 439 1056 497 didicimus:

329 498 360 539 I.
387 498 507 540 Solos
532 498 793 546 adversarios
820 498 872 539 de
894 497 1060 540 Terenti
1082 499 1243 542 ratione
1261 500 1498 543 fabularum
1516 510 1765 554 componen-

210 558 359 599 darum
391 557 430 599 h.
455 569 489 599 e.
517 556 757 598 fabularum
784 556 1037 599 Graecarum
1064 558 1107 598 in
1134 571 1265 600 unam
1290 559 1482 602 Latinam
1508 559 1765 612 coniungen—

210 617 360 658 darum
390 615 568 657 verbum
599 616 910 657 contaminandi
944 617 1223 671 usurpavisse.

328 674 382 716 II.
409 673 562 716 Contra
585 673 826 717 Terentium
853 674 1010 730 ubique
1035 679 1157 717 caute
1181 677 1353 732 cavisse,
1383 690 1436 720 ne
1459 675 1564 718 illud
1588 674 1766 717 verbum

208 734 433 776 adhiberet.

326 792 404 835 III.
429 792 494 835 Ne
518 796 770 848 spectatores
792 793 975 848 quidem,
1002 794 1104 849 quid
1130 794 1306 848 ,fabulas
1327 794 1617 837 contaminare‘
1644 798 1764 847 esset,

208 865 391 894 scrv1sse.

327 910 444 953 Haec
480 924 577 952 cum
614 912 765 953 animis
802 912 1011 966 complexi
1050 912 1225 967 erimus,
1266 913 1368 955 haec
1403 913 1500 955 inde
1536 911 1642 954 effici
1679 924 1763 953 non

210 970 476 1025 negabimus:
1268 996 1270 998 >

331 1029 366 1073 1.
397 1032 447 1071 ut
483 1028 658 1070 verbum
704 1030 1008 1082 ,contaminare‘
1052 1043 1076 1072 a
1111 1029 1278 1072 Terenti
1316 1031 1484 1073 demum
1519 1030 1765 1072 adversariis

209 1089 392 1143 primum
423 1088 475 1129 ad
506 1088 743 1129 fabularum
776 1090 1161 1144 componendarum
1192 1091 1395 1132 rationem
1427 1091 1601 1132 relatum
1633 1090 1696 1131 sit.

328 1148 366 1188 2.
399 1151 446 1188 ut
483 1147 559 1189 hoc
591 1147 766 1188 verbum
798 1148 911 1202 quod
943 1160 996 1190 ne
1027 1148 1238 1203 adhibeat,
1272 1148 1489 1191 Terentius
1518 1150 1606 1204 ipse
1636 1151 1765 1200 cavet,

209 1220 292 1247 non
332 1207 457 1247 modo
496 1207 600 1247 nihil
637 1207 774 1248 laudis
810 1219 913 1261 prae
949 1220 994 1248 se
1031 1207 1191 1261 tulerit,
1228 1208 1300 1249 sed
1337 1212 1552 1263 tamquam
1590 1207 1766 1248 convicii

208 1266 299 1306 loco
331 1265 468 1306 fuerit.

329 1322 445 1373 Quae
484 1324 684 1379 quoniam
716 1325 774 1365 ita
804 1337 896 1366 esse
926 1324 1227 1378 intelleximus,
1264 1324 1393 1367 verba
1424 1324 1596 1379 ,fabulas
1626 1328 1765 1366 conta—

209 1385 381 1425 minare
420 1383 484 1424 his
521 1384 624 1425 locis
661 1383 765 1424 nihil
803 1383 919 1424 aliud
956 1383 1193 1439 significare
1228 1387 1404 1439 possunt
1442 1385 1522 1425 nisi
1560 1384 1767 1439 „polluere

211 1448 251 1485 et
280 1434 483 1485 foedare&
487 1443 538 1495 ⁸⁰)

329 1501 533 1556 Idemque
574 1502 661 1543 iam
698 1501 888 1543 Donatus
931 1502 1036 1543 vidit
1078 1503 1131 1543 ad
1168 1503 1350 1544 eundem
1387 1503 1572 1544 Andriae
1607 1503 1766 1558 prologi

212 1574 381 1603 versum
420 1562 510 1615 (16)
547 1560 723 1603 addens:
770 1560 967 1616 „Proprie
1009 1561 1296 1619 contaminare
1338 1565 1401 1603 est
1441 1561 1637 1603 manibus
1679 1561 1767 1603 luto

209 1621 346 1674 plenis
389 1620 548 1673 aliquid
592 1620 818 1674 adtingere.
887 1619 941 1660 Et
983 1621 1267 1661 contaminare
1303 1624 1344 1661 et
1380 1620 1593 1674 adtingere
1629 1624 1693 1669 est
1727 1624 1768 1661 et

210 1678 432 1734 polluere“.
479 1677 595 1720 Haec
626 1682 765 1720 autem
793 1677 944 1719 Donati
972 1677 1100 1720 verba
1124 1678 1176 1721 ab
1202 1679 1274 1732 eis,
1306 1690 1413 1733 quae
1437 1691 1564 1734 supra
1588 1678 1767 1732 laudavi,

209 1739 385 1778 minime
410 1737 658 1792 discrepant,
684 1738 796 1791 quod
822 1736 1001 1778 Grauert
1026 1738 1050 1778 l.
1077 1750 1112 1778 3.-
1133 1750 1165 1778 3.
1189 1751 1227 1792 p.
1257 1738 1338 1778 121
1365 1741 1493 1792 putat.
1539 1737 1629 1779 Illis
1654 1738 1766 1779 enim

210 1796 351 1839 verbis
388 1796 500 1850 dicit,
537 1796 639 1852 quid
679 1798 732 1838 sit
766 1796 1071 1850 ,contaminare‘
1103 1796 1141 1837 h.
1168 1809 1202 1838 e.
1235 1795 1336 1851 quid
1366 1795 1584 1838 Terentius
1613 1796 1767 1850 fecerit,

211 1856 324 1911 quod
368 1856 597 1897 adversarii
640 1856 830 1897 convicio
873 1856 1186 1897 contaminandi
1228 1855 1472 1909 affecerunt;
1519 1856 1583 1897 his
1625 1859 1768 1898 contra

210 1914 350 1956 verbis
381 1915 565 1969 exponit,
597 1927 705 1969 quae
738 1916 801 1956 vis
832 1915 875 1955 in
909 1914 1035 1956 verbo
1067 1914 1379 1956 contaminandi
1410 1915 1509 1957 insit
1536 1915 1768 1957 secundum

208 1973 573 2028 etymologiam.⁸1)

330 2032 474 2075 Unum
511 2036 639 2075 restat
676 2036 723 2075 ut
759 2033 1036 2089 explicemus:
1069 2032 1291 2088 quomodo,
1328 2045 1426 2074 cum
1462 2033 1765 2086 ,contaminare‘

207 2092 542 2147 reprehensionis
566 2092 727 2146 aliquid
753 2092 935 2145 haberet,
960 2091 1202 2132 Terentium
1227 2104 1272 2132 se
1296 2091 1338 2132 id
1362 2091 1510 2133 fecisse
1530 2092 1765 2133 confessum

207 2164 298 2193 esse
328 2151 501 2205 cogitari
532 2152 672 2206 possit.
736 2149 831 2192 Duo
863 2155 1008 2192 autem
1038 2153 1138 2192 sunt
1168 2149 1444 2192 observanda:

326 2210 359 2252 Ι.
389 2209 631 2252 Terentium
656 2211 795 2265 ipsum
822 2210 943 2264 plane
969 2209 1107 2250 dicere
1131 2208 1296 2260 (Heaut.
1321 2209 1423 2264 prol.
1448 2223 1485 2250 v.
1514 2210 1567 2251 16
1593 2211 1698 2265 sqq.)
1724 2210 1767 2251 id

209 2269 321 2325 quod
353 2270 490 2324 iniqui
515 2269 847 2324 vituperaverint
871 2272 912 2310 et
936 2268 1008 2309 illo
1034 2268 1222 2309 convicio
1247 2267 1584 2323 significaverint,
1611 2282 1656 2311 se
1681 2281 1767 2310 non

207 2330 366 2384 pigere:
415 2342 498 2383 qua
535 2340 580 2370 re
618 2327 800 2369 dilucide
838 2331 1007 2382 apparet
1041 2326 1282 2368 Terentium
1320 2340 1416 2369 cum
1453 2328 1513 2382 id,
1557 2328 1670 2384 quod
1705 2327 1767 2369 illi

207 2387 532 2443 reprehensione
564 2387 742 2442 dignum
772 2398 863 2428 esse
893 2385 1107 2441 putabant,
1137 2390 1353 2442 peccatum
1383 2399 1473 2429 esse
1499 2388 1669 2429 omnino
1695 2398 1768 2427 ne-

206 2450 337 2502 garet,
369 2460 456 2488 non
487 2445 696 2498 habuisse,
727 2458 804 2486 cur
834 2457 879 2486 se
908 2444 1015 2486 illud
1045 2444 1190 2487 fecisse
1220 2450 1400 2501 negaret.

331 2574 372 2617 ³⁰)
398 2573 557 2609 Contulit
580 2573 637 2608 Fr.
657 2573 817 2609 Marxius
842 2573 1103 2617 ,‘contamiuare
1130 2586 1210 2610 cum
1227 2575 1361 2611 Graeco
1386 2573 1555 2610 vocabulo
1580 2573 1765 2626 προπηλα-

209 2634 241 2655 κι
232 2623 333 2663 [Ceam
371 2622 560 2664 praeterea
596 2620 715 2655 attulit
750 2620 835 2655 Hor.
863 2631 969 2655 carm.
995 2621 1049 2656 111
1078 2621 1111 2664 2,
1147 2622 1206 2657 18:
1257 2622 1422 2665 „Virtus,
1455 2620 1617 2666 repulsae
1648 2620 1769 2655 nescia

208 2668 381 2711 sordidae,
411 2666 635 2703 lntaminatis
671 2666 786 2713 fulget
820 2667 1043 2703 honoribus&
1087 2669 1129 2704 ad
1154 2679 1260 2714 quem
1284 2668 1401 2704 10011111
1426 2668 1473 2703 cf.
1500 2669 1544 2703 Α.
1567 2664 1769 2711 Kiesslingi.

209 2716 264 2750 ed.
292 2715 377 2749 Hor.
404 2725 552 2758 operum
577 2714 645 2749 vol.
660 2714 678 2749 I
703 2726 737 2758 p
755 2714 825 2750 235
857 2717 995 2759 (quarta
1024 2716 1078 2750 ed.
1105 2727 1179 2751 cur.
1205 2717 1246 2752 R.
1269 2716 1419 2752 Heinze.
1469 2712 1630 2749 Berolini
1651 2713 1766 2757 1901).

330 2761 371 2805 ³¹)
409 2762 458 2796 cf.
494 2771 634 2806 quoque
665 2761 917 2796 Dziatzkonem
953 2762 991 2796 in
1025 2762 1109 2797 Adel
1113 2763 1171 2807 p.h
1197 2763 1280 2798 edit.
1330 2762 1483 2808 (Lipsiae
1511 2759 1617 2803 1881)
1654 2760 1766 2805 praef.
1818 2771 1822 2775 ·

209 2820 241 2855 p.
270 2810 288 2844 7
317 2820 350 2844 11.
381 2809 396 2843 1
427 2809 463 2843 et
489 2807 679 2844 Fabiaml.
705 2818 733 2843 3.
760 2818 787 2843 s.
814 2819 847 2853 p.
876 2810 980 2855 177,Ιῖ
984 2809 1016 2845 9.
