2067 3311
833 175 888 181 -
952 150 1006 191 13
1058 172 1123 200 ,-

202 268 393 323 Hecyrae
424 269 528 325 ‘post
569 272 799 311 ceterarum
842 268 1078 310 fabularum
1123 268 1323 315 actiones,
1363 266 1415 308 ad
1454 277 1559 321 quas
1595 264 1752 320 prologi

200 332 399 384 spectant,
422 329 572 371 factam
602 340 710 380 esse3
740 327 894 383 quibus
918 327 1127 368 concessis
1150 325 1277 367 finem
1300 338 1469 381 quoque
1487 326 1608 366 seriei
1632 323 1754 365 liabe-

199 400 306 430 mus.
366 385 560 443 Denique
604 400 702 437 cum
744 386 1040 428 Phormionem
1082 390 1176 440 post
1217 385 1494 427 calamitatem
1531 383 1755 439 quandam,

204 460 333 502 quam
356 449 576 489 successus
601 447 776 502 excepit,
800 449 933 487 actam
959 448 1050 486 esse
1072 444 1312 497 viderimus,
1336 445 1537 499 sequitur,
1556 451 1609 484 vut
1630 443 1754 484 l'lior-

200 506 286 547 mio
317 509 427 547 certe
457 511 550 561 post
579 510 621 547 et
643 505 838 560 Hecyrae
868 508 910 544 et
933 502 1395 544 Heautontimorumeni
1426 504 1605 557 primam
1628 503 1755 543 actio-

200 577 298 606 nem
337 565 427 607 acta
466 566 530 607 sit.
591 564 731 607 Series
766 562 896 618 igitur
931 561 1166 603 fabularum
1205 561 1511 616 chronologica,
1550 565 1753 616 quantum

203 636 257 664 ex
288 625 467 679 singulis
496 624 679 679 prologis
709 622 897 676 intellegi
927 624 1073 676 potest,
1103 621 1205 662 haec
1235 624 1314 662 est:

671 692 893 748 I.Andria,
923 692 1044 733 cuius
1074 691 1240 733 tabulae
1263 691 1461 746 prologus
1486 691 1646 745 primus
1668 703 1755 731 om-

715 752 837 792 nium
866 753 1097 791 ceterorum
1130 755 1203 791 est.

649 821 704 864 11.
719 820 887 875 Hecyra
917 819 971 878 (I)
1003 824 1045 863 et
1237 811 1372 877 lquae
1387 819 1552 861 fabulae
1564 819 1756 861 continu-

717 880 1215 923 Heautontimorumenos
1236 878 1336 945 jum
1355 879 1545 920 ordinem
1558 877 1755 920 efficiunt.

202 952 308 988 Certe
321 953 400 996 post
410 951 591 997 Hecyram
629 958 705 1001 III.
721 957 929 1001 Phormio.

202 1000 249 1044 (I)
266 1000 304 1034 et
321 999 590 1035 Heautontimo-
628 1016 701 1060 IV.
717 1017 908 1072 Hecyrae
923 1017 1107 1060 secunda
1120 1007 1372 1139 act10}quae
1393 1015 1521 1057 finem
1543 1016 1672 1057 totius
1694 1027 1757 1056 se-

201 1048 491 1129 iffiffinhsscetoe
508 1047 593 1081 sunt
711 1076 904 1130 Hecyrae
933 1078 1054 1118 tertia
1084 1077 1191 1117 actio
1263 1077 1340 1117 riei
1364 1075 1528 1117 efficere
1552 1075 1757 1116 videntur.

322 1152 387 1196 De
416 1153 616 1196 Eunuchi
646 1156 689 1196 et
718 1153 1006 1208 Adelphorum
1039 1156 1224 1208 tempore
1249 1152 1355 1194 nihil
1380 1152 1482 1194 certi
1506 1154 1684 1193 constat:
1716 1150 1759 1191 id

204 1212 342 1253 solum
365 1226 439 1267 pro
461 1212 761 1254 verisimillimo
784 1212 985 1254 habemus
1003 1216 1228 1266 utramque
1247 1211 1432 1252 fabulam
1451 1214 1548 1252 ante
1567 1209 1760 1263 Hecyrae

203 1271 432 1314 secundam
461 1275 503 1314 et
532 1273 696 1315 tertiam
726 1272 933 1314 actionem
962 1276 1098 1314 actam
1121 1283 1230 1322 esse;
1262 1274 1474 1326 praeterea
1504 1273 1666 1312 certum
1697 1272 1760 1310 est

203 1331 418 1386 Adelphos
454 1330 639 1373 fabulam
679 1335 771 1386 post
804 1332 1040 1387 complures
1070 1331 1173 1372 alias
1202 1330 1368 1372 Terenti
1398 1329 1562 1371 fabulas
1593 1341 1759 1383 compo-

202 1390 322 1432 sitam
355 1402 456 1433 esse.
488 1414 544 1421 -—

320 1448 447 1492 Nunc
488 1450 611 1492 venio
653 1450 706 1492 ad
742 1450 915 1492 alteram
954 1449 1260 1505 quaestionem,
1304 1462 1387 1504 qua
1424 1448 1664 1503 quaerimus
1705 1459 1758 1488 ex

203 1509 388 1564 prologis
417 1509 526 1551 inter
555 1521 600 1551 se
630 1509 878 1564 comparatis
908 1509 1010 1563 quid
1042 1509 1262 1550 discamus.

229 1662 392 1727 Caput
418 1663 474 1711 11:
512 1660 594 1715 Ex
629 1661 888 1730 prologis
922 1661 1074 1717 inter
1109 1675 1172 1716 se
1208 1660 1558 1727 comparatis
1594 1659 1727 1727 quid

830 1744 1131 1799 discamus,

321 1838 461 1881 Etiam
484 1839 606 1894 plura
630 1839 674 1880 in
700 1839 779 1881 hac
803 1840 1047 1894 quaestione
1070 1839 1348 1895 proficiemus,
1378 1840 1415 1880 si
1435 1839 1629 1894 prologos
1649 1840 1759 1880 inter

204 1909 249 1938 se
287 1898 666 1953 comparaverimus
674 1909 685 1951 ;
724 1910 773 1939 ac
808 1909 863 1940 ne
893 1898 1119 1953 quicquam
1150 1898 1404 1951 omittamus,
1433 1910 1522 1939 rem
1553 1899 1612 1939 ita
1642 1899 1759 1938 insti—

205 1959 385 2010 tuemus,
415 1959 463 1997 ut
492 1956 675 2012 primum
705 1968 777 1998 eos
805 1956 1074 2011 prologorum
1099 1957 1224 2010 locos,
1256 1957 1330 2011 qui
1353 1957 1463 1998 inter
1486 1968 1532 1997 se
1556 1956 1759 1997 simillimi

204 2017 305 2056 sunt
328 2015 418 2057 sive
436 2013 655 2057 Terentius
679 2015 855 2057 eandem
875 2015 1211 2057 adversariorum
1231 2014 1588 2057 insimulationem
1608 2014 1761 2057 refutat

203 2074 296 2116 sive
332 2072 592 2116 adversarios
628 2074 886 2130 aggreditur,
923 2075 1035 2117 inter
1070 2087 1116 2117 se
1153 2087 1459 2130 comparemus,
1495 2074 1646 2116 deinde
1682 2074 1761 2116 hac

204 2133 365 2175 ratione
394 2133 431 2175 si
462 2145 608 2175 omnes
638 2134 751 2175 locos
781 2133 833 2175 ad
865 2133 1054 2175 ordinem
1084 2133 1324 2175 fabularum
1354 2135 1607 2188 pertinentes
1637 2146 1759 2174 accu-

204 2195 296 2233 rate
325 2192 724 2245 examinaverimus,
764 2204 813 2234 ea
844 2205 952 2247 quae
982 2192 1132 2234 lucrati
1162 2193 1319 2234 erimus
1350 2192 1759 2247 comprehendamus.

324 2251 389 2292 Ac
413 2251 596 2306 primum
622 2250 792 2306 quidem
817 2263 888 2293 eos
908 2250 1105 2293 binorum
1124 2251 1394 2307 prologorum
1414 2251 1527 2293 locos
1547 2251 1759 2292 examine-

204 2320 312 2361 mus,
342 2308 498 2362 quibus
527 2309 580 2350 ab
612 2310 758 2351 eadem
788 2311 1079 2352 criminatione
1108 2314 1229 2364 poeta
1259 2323 1304 2352 se
1335 2310 1582 2356 defendit.²²)

324 2423 367 2469 ”)
391 2424 542 2474 horsus
566 2425 746 2461 reicienda
770 2427 826 2461 est
849 2425 1047 2461 Schindleri
1072 2426 1250 2461 sententia
1274 2425 1311 2470 (l.
1335 2436 1364 2461 s.
1390 2436 1418 2461 s,
1443 2437 1477 2471 p.
1495 2426 1567 2470 33),
1593 2425 1652 2471 qui
1677 2425 1759 2460 fieri

204 2470 360 2516 potuisse
372 2471 489 2516 negat,
501 2472 543 2506 ut
554 2472 747 2507 adversarii
758 2483 869 2507 unum
881 2473 1047 2517 idemque
1056 2473 1206 2508 diversis
1219 2473 1435 2517 temporibus
1445 2473 1610 2508 Terentio
1621 2473 1760 2508 crimini

204 2519 348 2564 darent,
379 2528 484 2565 quam
508 2517 552 2567 ob
576 2529 719 2555 causam
744 2530 805 2556 eas
828 2519 982 2565 fabulas,
1014 2530 1163 2565 quarum
1187 2520 1225 2555 in
1250 2519 1400 2566 prologis
1424 2519 1467 2555 ab
1492 2520 1617 2556 eodem
1642 2519 1760 2555 Luscii

204 2566 332 2611 probro
362 2576 402 2602 se
425 2567 597 2610 defendit,
629 2567 736 2612 (sicut
758 2568 929 2603 Andriam
954 2569 991 2603 et
1014 2568 1459 2611 Heautontim01·umenon‚
1488 2568 1759 2604 Heautontimo-

205 2623 381 2650 rumenon
405 2614 442 2649 et
458 2612 652 2659 Adelphos)
676 2614 811 2650 eisdem
834 2615 914 2651 fere
931 2615 1148 2660 temporibus
1165 2616 1260 2650 actas
1278 2625 1356 2650 esse
1374 2616 1491 2660 putat3
1516 2625 1633 2660 neque
1651 2615 1760 2650 multo

204 2660 309 2697 aliter
331 2661 528 2697 Karstenus
553 2660 589 2705 (l.
616 2671 643 2697 s.
670 2671 697 2697 s.
723 2673 757 2707 p.
782 2661 867 2707 221)
901 2663 1116 2700 sententiam
1147 2673 1263 2708 suam,
1299 2673 1369 2709 qua
1395 2662 1547 2699 Andriae
1578 2661 1760 2709 prologum

204 2710 285 2752 post
299 2708 692 2743 Heautontimorumeni
711 2709 900 2754 prologum
925 2710 1156 2754 compositum
1181 2721 1261 2746 esse
1285 2712 1397 2755 putat,
1423 2721 1466 2746 eo
1491 2711 1604 2755 fulcit,
1630 2713 1671 2745 ut
1688 2714 1759 2745 An-

204 2754 302 2791 driae
327 2756 365 2791 et
388 2754 551 2790 Eunuchi
573 2753 734 2801 prologos
757 2755 854 2791 inter
877 2766 916 2792 se
941 2756 1137 2792 simillimos
1161 2767 1241 2792 esse
1266 2757 1438 2793 ostendat.
