2067 3311
870 148 1158 189 ..17-

355 264 410 305 ΙΙ.
439 264 676 306 Terentium
709 266 822 321 quod
852 279 897 308 se
926 265 1089 307 fabulas
1123 266 1495 316 ,contaminavisse‘
1526 265 1698 318 fatetur,
1739 265 1790 306 de

237 325 442 366 sententia
472 324 784 375 criminationis,
826 338 910 367 non
943 325 995 367 de
1025 326 1214 368 convicio
1243 324 1363 367 verbi
1393 324 1445 367 ab
1477 325 1635 380 iniquis
1666 336 1789 366 usur—

238 383 323 437 pati
353 383 534 438 cogitare
565 385 748 439 potuisse
777 387 971 440 certeque
1000 385 1312 439 cogitavisse.⁸²)

354 440 436 483 Sed
467 442 568 484 haec
598 443 766 498 quidem
798 443 1009 486 hactenus.
1053 442 1343 497 Transeamus,
1373 444 1409 485 si
1439 443 1586 498 placet,
1616 442 1670 485 ad
1698 454 1787 484 rem

234 501 498 555 propositam.
546 500 743 544 Vidimus
774 514 872 556 ergo
896 501 1137 543 Terentium
1162 507 1203 543 et
1226 503 1272 543 in
1296 502 1484 544 Andriae
1509 506 1551 544 et
1573 503 1617 544 in
1643 501 1788 544 Heau-

235 559 576 602 tontimorumeni
612 560 783 616 prologo
821 574 846 601 a
882 561 1057 601 crimine
1087 561 1450 602 contaminationis
1481 573 1526 602 se
1557 561 1787 603 defendere.

235 616 401 659 Horum
430 618 616 661 locorum
648 622 742 661 uter
770 619 895 673 prior,
925 623 1019 660 uter
1047 618 1251 673 posterior
1280 619 1347 670 sit,
1377 619 1651 673 inquiramus.

352 677 391 730 a)
425 676 616 720 Primum
646 679 689 719 in
724 676 908 719 Andriae
938 676 1122 732 prologo,
1153 676 1255 732 quid
1286 677 1374 732 ipse
1404 676 1565 730 fecerit,
1601 677 1788 733 quidque

236 735 462 778 adversarii
491 737 570 778 hoc
601 737 775 778 crimine
798 735 1022 788 affecerint,
1050 734 1270 793 Terentius
1293 741 1485 778 accurate
1509 737 1701 791 exponit;
1733 749 1788 778 ex

236 807 319 849 quo
350 797 615 852 perspicuum
648 799 710 837 est
740 797 993 850 spectatores
1025 794 1100 836 bac
1132 794 1183 837 de
1213 807 1259 836 re
1289 794 1340 836 ad
1372 794 1478 837 illud
1509 798 1674 851 tempus
1699 808 1786 837 om-

234 855 333 896 nino
367 855 472 896 nihil
503 855 687 906 scivisse,
721 853 960 895 Terentium
992 853 1121 907 igitur
1151 854 1258 895 hanc
1288 854 1621 897 criminationem
1652 866 1788 909 usque

232 913 285 954 ad
321 913 364 954 id
401 918 567 969 tempus
598 926 683 954 non
717 924 960 968 perpessum
991 924 1092 954 esse.
1155 910 1309 954 Contra
1338 913 1383 953 in
1414 911 1787 955 Heautontimoru-

233 974 345 1013 meni
392 973 562 1028 prologo
602 975 723 1026 poeta
759 971 863 1012 nihil
901 971 1001 1013 dicit
1038 972 1118 1013 nisi
1156 972 1274 1013 haec:
1319 971 1540 1014 malivolos
1577 972 1789 1014 distulisse

231 1042 421 1073 rumores
461 1043 506 1072 se
546 1030 699 1072 multas
736 1030 1040 1072 contaminasse
1078 1028 1274 1082 GraecaS,
1312 1043 1467 1085 paucas
1503 1043 1603 1073 vero
1639 1030 1788 1073 fecisse

232 1087 411 1133 Latinas.
444 1089 526 1131 Hic
549 1090 679 1144 igitur
700 1089 897 1144 prologus
915 1101 1012 1131 cum
1028 1089 1381 1143 pronuntiaretur,
1411 1093 1663 1145 spectatores
1684 1089 1786 1145 quid

231 1149 527 1201 ,contaminare
557 1147 731 1190 fabulas‘
762 1151 883 1202 esset,
914 1148 1138 1190 sciverunt.
1185 1146 1292 1189 Cum
1323 1152 1462 1190 autem
1492 1147 1711 1191 Terentius
1741 1149 1786 1190 in

232 1207 351 1248 nullo
381 1207 464 1249 alio
494 1208 665 1262 prologo
696 1207 748 1249 de
778 1207 1128 1249 contaminatione
1159 1207 1286 1248 verba
1315 1207 1457 1260 faciat,
1493 1208 1703 1263 sequitur,
1741 1211 1788 1249 ut

231 1265 416 1308 Andriae
452 1266 668 1321 prologus,
710 1266 864 1321 quippe
900 1266 943 1306 in
983 1277 1066 1320 quo
1103 1265 1183 1307 hoc
1218 1266 1374 1307 crimen
1416 1266 1519 1321 quid
1556 1266 1637 1308 sibi
1675 1266 1787 1319 velit,

230 1324 476 1380 explicetur,
506 1324 974 1367 Heautontimorumeni
1004 1326 1223 1380 prologum
1253 1325 1590 1379 ‘antecesserit.⁸³)

346 1383 389 1437 b)
421 1382 584 1427 Deinde
619 1385 664 1425 in
704 1384 890 1425 Andriae
925 1383 1096 1440 prologo
1134 1383 1272 1425 solum
1308 1384 1353 1425 id
1384 1384 1644 1426 adversarios
1674 1385 1785 1426 vitu-

229 1455 394 1498 perasse
436 1447 557 1499 poeta
600 1443 719 1496 dicit,
758 1443 872 1499 quod
914 1443 1122 1485 Andriam
1164 1456 1285 1485 suam
1328 1456 1383 1485 ex
1425 1443 1590 1486 duabus
1631 1443 1785 1486 fabulis

231 1500 400 1544 Graecis
431 1501 622 1544 effecerit.
670 1500 823 1544 Contra
852 1503 897 1543 in
922 1501 1388 1544 Heautontimorumeni
1418 1503 1591 1558 prologo
1621 1516 1707 1544 non
1733 1503 1785 1544 de

229 1560 317 1603 sola
340 1574 428 1603 una
450 1560 604 1615 fabula,
628 1561 701 1603 sed
725 1562 772 1603 in
794 1561 1040 1603 universum
1066 1560 1119 1603 de
1142 1559 1338 1602 omnibus
1362 1560 1527 1603 Terenti
1551 1561 1706 1604 fabulis
1730 1562 1783 1603 ad

228 1619 272 1660 id
296 1623 461 1675 tempus
485 1620 604 1661 factis
628 1632 765 1661 sermo
789 1623 863 1671 est.
910 1618 1002 1660 Hac
1027 1632 1196 1674 quoque
1221 1632 1276 1675 ex
1296 1632 1341 1661 re
1362 1621 1589 1661 verisimile
1608 1624 1672 1662 est
1692 1622 1782 1661 An-

229 1677 343 1721 driae
366 1678 587 1734 prologum
612 1682 709 1720 ante
728 1677 1195 1720 Heautontimorumeni
1214 1678 1434 1733 prologum
1456 1679 1656 1734 scriptum
1679 1691 1781 1721 esse.

346 1739 383 1791 c)
415 1738 588 1779 Accedit
618 1737 724 1778 illud
756 1737 868 1791 quod
898 1738 942 1777 in
968 1737 1155 1778 Andriae
1184 1737 1359 1804 prologo
1386 1737 1525 1779 solum
1555 1737 1599 1778 id
1628 1737 1782 1779 fatetur

228 1808 273 1838 se
304 1808 412 1852 quae
441 1796 732 1850 convenerint,
768 1808 823 1838 ex
854 1793 1072 1838 Menandri
1103 1794 1318 1838 Perinthia
1348 1796 1393 1837 in
1425 1796 1631 1838 Andriam
1660 1809 1779 1839 suam

229 1856 554 1925 „transtulisse‘ss
577 1859 721 1897 contra
740 1855 785 1896 in
801 1854 1268 1896 Heautontimorumeni
1282 1855 1454 1910 prologo
1471 1856 1609 1898 dicere
1624 1859 1678 1909 (v.
1696 1855 1782 1912 18):

441 1913 515 1968 „Id
554 1927 644 1956 esse
674 1914 829 1956 factum
861 1913 917 1967 (h.
949 1926 982 1955 e.
1021 1914 1332 1966 ,contaminari‘)
1362 1914 1430 1956 hic
1461 1927 1544 1956 non
1583 1919 1719 1970 negat,

439 1973 587 2029 Neque
622 1985 667 2014 se
697 1973 838 2028 pigere
868 1976 909 2014 et
940 1972 1091 2014 deinde
1119 1971 1328 2014 facturum
1360 1973 1585 2015 autumat‘fl

347 2033 390 2087 d)
416 2031 611 2088 Denique
636 2031 944 2075 observandum
969 2042 1044 2086 est,
1068 2031 1278 2087 quomodo
1297 2031 1549 2075 Terentius
1537 2046 1579 2074 m
1603 2037 1783 2089 utroque

228 2091 398 2146 prologo
436 2103 481 2133 se
520 2092 724 2133 defendat.
784 2090 951 2132 Etenim
990 2091 1034 2131 in
1071 2095 1251 2145 utroque
1282 2091 1453 2145 prologo
1484 2092 1631 2133 eodem
1661 2106 1784 2146 argu-

227 2154 368 2193 mento
399 2151 560 2201 nititur,
591 2154 735 2192 tamen
767 2150 931 2192 diversa
960 2150 1121 2191 ratione
1153 2151 1304 2201 utitur3
1338 2151 1380 2191 in
1414 2149 1485 2192 illo
1517 2150 1687 2206 prologo
1713 2164 1783 2193 eos

226 2213 387 2266 poetaS,
426 2210 479 2251 ad
517 2222 641 2265 quos,
684 2210 784 2264 quia
819 2209 899 2263 ipsi
937 2219 1106 2263 quoque
1142 2208 1304 2251 fabulas
1340 2222 1439 2251 suas
1476 2209 1623 2251 eodem
1658 2211 1782 2252 modo

228 2270 549 2324 composuerint,
579 2271 789 2324 provocat,
818 2268 1071 2309 nominatim
1102 2267 1281 2323 appellat
1312 2265 1364 2324 (v.
1394 2268 1447 2310 18
1478 2268 1573 2323 sq.):

439 2325 546 2380 „Qui
578 2340 704 2383 quom
737 2326 852 2368 hunc
881 2329 1090 2380 accusant,
1122 2325 1331 2368 Naevium
1363 2326 1561 2368 Plautum
1594 2326 1780 2369 Ennium

439 2388 666 2440 Accusant,
697 2398 802 2442 quos
833 2386 901 2427 hic
931 2390 1072 2427 noster
1101 2389 1291 2428 auctores
1321 2385 1480 2439 habet“,

228 2448 270 2487 in
303 2447 382 2488 hoc
411 2445 583 2501 prologo
614 2444 919 2500 significatione
948 2444 1130 2500 appellat
1159 2445 1214 2498 (v.
1240 2445 1296 2486 20
1328 2446 1424 2499 sq.):

439 2503 602 2556 „Habet
631 2503 851 2546 bonorum.
869 2503 1122 2558 exemplum,
1153 2515 1237 2558 quo
1267 2504 1458 2558 exemplo
1489 2503 1569 2545 sibi

438 2561 588 2606 Licere
618 2563 662 2605 id
691 2563 827 2605 facere
858 2561 971 2618 quod
1000 2561 1064 2603 illi
1093 2561 1281 2604 fecerunt
1310 2563 1464 2617 putat“.

347 2622 427 2664 His
439 2623 640 2677 expositis
656 2621 834 2663 dubium
849 2633 940 2662 esse
958 2621 1116 2675 nequit,
1137 2621 1239 2675 quin
1263 2621 1450 2662 Andriae
1472 2622 1671 2676 prologus
1686 2626 1783 2664 ante

347 2716 362 2735 ⁸
488 2715 495 2722 .

347 2717 388 2808 ³3
414 2715 460 2798 g}
486 2715 774 2796 ἒξῧηῖᾆιιῗῗᾶεὲἰ
801 2762 831 2794 1.
857 2770 885 2795 s.
912 2770 939 2795 s.
966 2771 999 2805 p.
1026 2759 1082 2795 39.

1547 2809 1568 2843 2
