2067 3311
880 127 1171 168 -78-

366 240 519 298 Neque
555 255 656 285 vero
691 243 835 284 minus
870 243 973 285 haec
1009 245 1176 297 negotia
1210 244 1322 285 inter
1356 244 1541 299 privatos
1581 243 1805 286 florebant:

250 301 402 344 domus
432 301 669 355 struendae,
700 313 857 344 messes
887 302 1131 358 exigendae,
1160 302 1267 344 aliae
1296 314 1364 345 res
1393 301 1447 345 ab
1477 303 1572 346 aliis
1601 302 1807 346 conduce-

247 360 403 402 bantur
432 360 698 415 (Marquardt
721 360 748 401 l.
773 360 825 414 1.).
874 361 1091 417 Persaepe,
1119 361 1163 402 id
1194 361 1308 416 quod
1337 361 1390 402 ad
1413 366 1600 404 nostram
1625 363 1807 417 quaesti-

248 431 374 462 onem
397 422 567 476 spectat,
592 420 644 462 de
670 418 797 462 rebus
819 419 1052 463 vendendis
1075 421 1229 464 iterum
1246 419 1478 464 vendendis
1502 421 1654 477 agitur,
1676 420 1808 465 veluti

248 479 510 521 frumentarii
533 479 799 521 frumentum
830 480 875 520 in
906 481 1134 534 provinciis
1165 479 1409 522 coemebant
1447 483 1489 521 et
1517 479 1677 522 Romae
1705 492 1806 522 ven-

249 537 506 592 ditabant,⁴⁴)
537 538 661 580 multi
691 537 775 579 alii.

368 596 538 653 Ubique
561 598 692 653 igitur
720 597 765 638 in
797 598 884 639 vita
908 601 950 640 et
972 598 1143 653 publica
1163 601 1205 641 et
1227 598 1390 654 privata
1414 598 1620 641 eiusmodi
1641 599 1808 654 negotia

248 656 407 698 Romae
437 657 622 698 maxime
651 655 845 698 floruisse
874 657 1079 700 videmus.
1120 656 1213 699 Hac
1243 669 1413 713 quoque
1441 669 1487 699 re
1517 669 1567 699 ea
1590 657 1808 712 sententia,

250 729 376 771 quam
409 715 461 757 de
491 715 651 758 domini
680 716 819 770 gregis
851 716 1097 758 condicione
1128 716 1342 769 habemus,
1372 716 1495 758 valde
1525 715 1807 770 confirmatur,

248 776 306 816 ita
319 778 367 816 ut
386 775 443 827 id,
464 775 577 829 quod
593 774 645 816 de
665 774 836 816 domino
851 775 992 830 gregis
1009 776 1247 830 statuimus,
1266 779 1497 818 ceterorum
1517 778 1806 817 contractuum

248 834 409 875 ratione
440 833 581 875 habita
612 846 696 875 non
728 834 853 876 modo
884 834 998 876 credi
1027 846 1171 890 posse,
1213 834 1286 877 sed
1324 835 1450 876 etiam
1486 834 1538 876 ad
1579 822 1806 876 maxima‘m
1854 877 1857 879 .

249 892 661 935 verisimilitudinem
686 893 884 935 accedere
914 906 1230 949 cognoscamus.

367 1010 494 1052 Nunc
525 1011 720 1052 venimus
750 1010 803 1052 ad
834 1010 1006 1052 alteram
1038 1004 1339 1067 quaestionem,
1370 1024 1454 1067 qua
1485 1012 1719 1067 quaeritur:

369 1069 638 1113 Cuiusnam
671 1069 875 1112 fabulae
906 1073 1050 1112 actae
1079 1070 1275 1112 fuerint.

369 1127 506 1179 Quam
538 1128 767 1172 diiudicare
788 1141 874 1171 non
898 1141 1124 1184 possumus
1144 1129 1224 1171 nisi
1256 1129 1385 1185 prius,
1418 1128 1574 1185 quibus
1598 1129 1808 1171 condiclo-

249 1187 379 1231 nibus
409 1192 532 1244 poeta
562 1188 732 1231 domino
762 1189 901 1244 gregis
932 1188 1095 1231 fabulas
1128 1188 1371 1243 vendiderit,
1400 1188 1743 1231 intellexerimus.

368 1247 460 1289 Hac
490 1248 536 1289 in
566 1260 612 1289 re
642 1252 832 1289 veterum
863 1248 1101 1290 testimonia
1132 1260 1209 1289 nos
1239 1259 1411 1303 prorsus
1442 1246 1653 1290 deficiunt.
1715 1246 1819 1298 Quo·

248 1308 383 1362 magis
427 1319 598 1349 necesse
639 1310 702 1349 est
743 1306 822 1348 hac
867 1307 918 1348 de
960 1319 1006 1348 re
1043 1307 1240 1349 universe
1277 1310 1319 1348 et
1355 1307 1585 1362 generatim
1622 1320 1809 1362 agamus,

248 1367 495 1422 priusquam
527 1378 582 1407 ex
612 1365 791 1419 singulis
821 1365 925 1408 locis
956 1366 1059 1421 quid
1096 1366 1200 1408 disci
1241 1366 1372 1421 possit
1411 1366 1463 1408 de
1492 1365 1809 1408 condicionibus

249 1426 403 1467 horum
433 1428 737 1477 contractuum,
767 1425 1045 1479 inquiramus.
1106 1424 1261 1466 Poetae
1285 1424 1559 1480 venditabant
1587 1424 1808 1479 fabulas⁴⁶)

252 1484 423 1525 domino
453 1484 612 1538 gregis,
649 1483 723 1538 qui
766 1495 836 1524 eas
873 1482 925 1525 ab
955 1483 1029 1524 illo
1060 1484 1171 1525 emit.
1232 1482 1316 1525 Hic
1345 1495 1444 1525 cum
1474 1483 1529 1525 sit
1558 1486 1809 1537 contractus,

251 1555 378 1597 quem
403 1541 584 1583 Romani
612 1542 824 1596 appellant
848 1543 1100 1597 emptionem
1124 1542 1421 1596 venditionem,
1450 1543 1495 1583 in
1522 1554 1647 1597 quem
1673 1545 1809 1583 certae

249 1601 362 1656 leges
392 1599 684 1655 formulasque
715 1600 878 1655 cadant,
908 1600 1011 1643 haec
1042 1600 1230 1656 quaestio
1261 1603 1324 1642 est
1353 1612 1440 1643 non
1470 1600 1606 1643 solum
1634 1599 1807 1657 philolo-

248 1673 410 1715 gorum,
441 1660 515 1701 sed
545 1660 672 1701 etiam
701 1660 807 1701 iuris
836 1660 1078 1715 peritorum.
1139 1659 1222 1701 Sed
1242 1657 1388 1701 nullus
1413 1659 1465 1701 de
1487 1659 1642 1701 fabulis
1668 1672 1808 1702 emen—

250 1719 315 1761 dis
351 1718 584 1761 vendendis
620 1721 859 1760 contractus
891 1731 991 1760 cum
1022 1721 1168 1773 exstet,
1198 1718 1427 1773 praeceptis
1458 1721 1500 1760 et
1528 1719 1809 1774 inscriptioni·

248 1777 341 1830 bus,
387 1790 493 1832 quas
536 1777 588 1819 de
630 1777 724 1819 aliis
766 1776 892 1819 rebus
935 1777 1123 1819 emendis
1153 1777 1384 1819 vendendis
1415 1776 1633 1831 habemus,
1672 1778 1808 1820 niten-

250 1837 351 1879 dum
383 1840 457 1878 est.

372 1896 408 1937 1.
439 1894 624 1937 Fabulae
655 1895 881 1950 quominus
921 1896 965 1936 in
998 1894 1143 1949 rebus,
1186 1907 1294 1951 quae
1335 1896 1418 1937 emi
1448 1896 1593 1937 venire
1622 1899 1810 1951 possunt,

251 1954 494 2008 habeantur,
524 1954 585 1996 nil
616 1953 763 1997 obstat.
809 1953 977 1997 Etenim
1005 1967 1150 1997 omnes
1180 1967 1248 1997 res
1279 1955 1362 1997 emi
1391 1955 1537 1997 venire
1566 1955 1808 2011 possunt⁴⁶)

369 2015 408 2056 2.
439 2013 603 2056 Deinde
634 2014 860 2057 videndum
893 2017 967 2068 est,
999 2026 1204 2069 quosnam
1230 2018 1421 2056 auctores
1446 2014 1498 2056 de
1520 2015 1614 2056 iure
1634 2015 1809 2070 emptio-

251 2075 319 2115 nis
350 2074 605 2115 venditionis
635 2073 687 2114 ad
713 2073 948 2114 secundum
978 2087 1014 2114 a.
1037 2071 1131 2114 Chr.
1163 2072 1379 2114 saeculum
1403 2073 1659 2127 pertinentes
1683 2072 1808 2114 habe·

252 2144 385 2174 amus.
446 2131 496 2173 In
529 2131 684 2188 quibus
715 2132 858 2187 magni
888 2135 990 2174 sunt
1020 2131 1222 2173 momenti
1253 2143 1322 2185 ea,
1352 2143 1461 2186 quae
1491 2131 1569 2173 hac
1599 2131 1651 2174 de
1680 2143 1725 2174 re
1755 2143 1810 2174 ex

249 2192 403 2246 Plauti,
435 2190 617 2244 Catonis,
647 2191 872 2243 Varronis,
903 2190 1116 2232 Ciceronis
1145 2190 1266 2231 libris
1295 2190 1586 2246 comperimus.
1648 2189 1810 2232 Deinde

249 2251 470 2293 haurimus
500 2263 556 2293 ex
585 2251 763 2306 posteris
793 2250 900 2292 iuris
931 2249 1066 2291 civilis
1096 2249 1345 2305 praeceptis,
1381 2249 1514 2292 veluti
1550 2262 1605 2292 ex
1636 2248 1715 2292 Gai
1744 2250 1809 2292 in-

367 2356 398 2376 44

366 2356 411 2447 “3
436 2354 931 2449 Οξωξῗᾳᾷΐᾱξὲοεδεέῥτὲ
945 2352 1237 2446 ῐὲΞΞζὲᾖνίωυε,
1262 2401 1357 2438 locos
1380 2402 1451 2438 huc
1476 2403 1639 2448 spectant
1661 2401 1699 2437 hi
1723 2401 1808 2438 loci:

248 2452 345 2487 Suet.
378 2451 434 2495 d,e
436 2414 585 2495 ppoetis‘
633 2461 665 2494 p.
691 2449 738 2485 36
762 2448 907 2493 Reiflst)
945 2448 1145 2492 „Pacuuius
1171 2477 1178 2485 .
1206 2476 1214 2484 .
1281 2449 1420 2485 fabulas
1443 2449 1680 2493 venditavit&
1714 2449 1809 2485 idem

248 2500 294 2544 (p.
320 2498 368 2533 24
392 2498 534 2542 Reiff.)·
573 2496 626 2541 ,P
640 2497 778 2532 autus.
840 2522 848 2531 .
875 2495 1030 2531 scribere
1054 2496 1193 2532 fabulas
1217 2477 1341 2532 solitus
1365 2507 1409 2532 ac
1430 2496 1623 2533 vendere‘fl
1649 2497 1697 2532 cf.
1722 2496 1809 2532 Hie-

248 2556 438 2591 ronymum
463 2545 507 2581 ad
531 2543 663 2580 Eusebi
688 2544 810 2579 chron.
837 2543 927 2580 1817
954 2544 1092 2589 (=554
1115 2554 1146 2580 a.
1171 2543 1224 2591 u.)
1250 2543 1498 2590 [01.145,1].

367 2592 412 2637 ⁴⁶)
438 2592 485 2628 cf.
510 2592 590 2637 Dig.
615 2591 745 2627 XVIII
771 2592 804 2636 1,
829 2591 876 2626 34
900 2591 922 2635 ξ
949 2592 986 2626 1:
1019 2591 1199 2634 „omnium
1224 2602 1356 2635 rerum,
1382 2601 1469 2636 quas
1493 2591 1571 2637 quis
1594 2590 1727 2626 habere
1751 2590 1809 2626 vel

248 2639 429 2685 possidere
460 2638 519 2674 vel
549 2637 718 2684 persequi
750 2616 883 2683 potest,
920 2617 1077 2673 venditio
1107 2639 1206 2673 recte
1236 2638 1316 2673 11141.
1364 2637 1442 2673 Hac
1475 2638 1520 2673 de
1545 2648 1584 2673 re
1610 2637 1657 2672 cf.
1684 2636 1809 2673 Wind-

248 2686 386 2723 scheid:
422 2685 636 2731 „Lehrbuch
666 2685 731 2721 des
761 2684 1124 2721 Pandelrtenrechts.‘⁶
1115 2684 1153 2705 ‘⁸
1177 2684 1212 2720 II
1238 2684 1362 2731 (1900)
1386 2696 1420 2730 p.
1446 2685 1515 2721 585
1540 2686 1578 2720 et
1601 2683 1809 2731 Dernburg·

252 2733 505 2779 „Pandekten“
497 2732 537 2754 11
552 2733 589 2770 II
613 2731 736 2779 (1900)
761 2733 782 2779 ξ
806 2731 862 2769 94.
