2067 3311
797 97 1091 139 —59—

286 215 342 257 II.
366 215 494 258 Nunc
516 214 783 267 accedamus,
804 214 842 256 si
863 213 1013 269 placet,
1041 214 1094 256 ad
1119 227 1264 256 eorum
1289 214 1475 256 virorum
1501 214 1720 257 doctorum

169 274 430 327 sententiam,
461 274 536 329 qui
559 275 724 328 poetam
747 285 794 315 se
817 273 927 315 hanc
948 272 1136 315 fabulam
1159 273 1467 315 contaminasse
1491 273 1571 314 hoc
1594 285 1720 314 versu

168 333 308 388 ipsum
328 332 562 388 professum
582 344 674 374 esse
692 335 854 387 putant,
874 344 982 387 quae
1002 335 1065 374 est
1084 332 1290 375 sententia
1308 330 1719 384 Herrmanowskiiu)

170 396 212 434 et
241 388 521 447 Skutschiw)
567 389 789 433 Concludit
818 391 932 433 enim
962 390 1211 433 Skutschius
1234 392 1310 433 ita:
1343 390 1440 445 „Ich
1467 391 1614 444 denke,
1643 391 1721 431 wir

170 451 305 494 haben
348 451 485 494 sicher
526 450 746 505 erwiesen,
788 450 884 493 dass
925 450 1001 493 das
1043 449 1172 493 Stiick
1215 450 1406 493 wirklich
1441 463 1525 493 von
1561 448 1719 492 'l'erenz

171 510 385 566 „doppelt“
426 510 619 566 gemacht
659 510 828 551 worden
871 510 936 552 ist.
1008 509 1065 551 So
1106 510 1220 551 kann
1263 523 1308 552 es
1349 511 1436 552 also
1473 509 1586 552 wohl
1621 510 1719 552 kein

171 568 338 611 Zweifel
373 570 482 623 sein,
517 568 614 612 dass
648 569 727 611 wir
761 570 805 611 in
841 582 881 612 v.
907 568 933 610 6
970 581 1047 612 aus
1076 567 1247 611 Terenz’
1285 570 1453 624 eigener
1482 568 1616 611 Feder
1651 568 1720 610 die

170 627 492 670 ausdriickliche
521 628 799 683 Bestiitigung
829 628 952 669 dafiir
980 628 1135 681 haben,
1171 629 1268 669 dass
1299 629 1373 669 der
1402 626 1719 669 Heautontimo-

170 698 371 729 rumenos
399 686 697 729 kontaminiert
724 687 813 730 ist“.

287 744 480 788 Primum
505 757 767 801 quaeramus,
792 745 947 800 quibus
971 746 1231 800 argumentis
1251 745 1388 787 allatis
1407 745 1517 787 hanc
1535 744 1720 787 fabulam

171 804 494 847 contaminatam
544 816 636 846 esse
679 804 746 846 vir
795 805 942 847 doctus
992 804 1342 847 demonstravisse
1391 803 1472 846 sibi
1517 803 1721 846 videatur.

170 862 460 905 Ratiocinatur
483 864 596 904 enim
620 864 691 916 ita,
714 866 763 904 ut
786 863 849 918 (p.
870 864 909 917 1)
934 863 1045 904 dicat
1066 861 1320 916 Terentium,
1344 864 1381 904 si
1401 862 1718 905 Heautontimo-

171 933 376 964 rumenon
398 934 454 964 ex
474 921 638 964 duabus
656 921 809 964 fabulis
830 920 1000 964 Graecis
1020 934 1105 963 non
1126 922 1461 975 contaminasset,
1480 922 1541 964 eis
1561 921 1722 977 prologi

171 980 383 1035 versibus,
422 981 577 1036 quibus
614 981 666 1023 de
703 981 1067 1023 contaminationis
1103 981 1278 1023 crimine
1314 980 1442 1023 verba
1478 980 1602 1023 faciat
1638 983 1719 1034 (vv.

174 1039 377 1095 16—21),
392 1043 503 1082 certe
518 1052 601 1081 non
624 1040 762 1081 solum
782 1052 831 1081 ea
852 1040 1061 1081 dicturum
1074 1039 1216 1093 fuisse,
1236 1052 1344 1094 quae
1364 1052 1412 1081 re
1426 1052 1527 1081 vera
1546 1040 1718 1081 dixerit:

575 1098 643 1152 „id
673 1111 764 1141 esse
792 1098 949 1140 factum
978 1098 1048 1140 hic
1076 1111 1164 1140 non
1193 1101 1330 1153 negat,

288 1156 438 1211 Neque
467 1169 512 1199 se
542 1158 683 1212 pigere
713 1160 755 1199 et
784 1156 935 1199 deinde
962 1156 1173 1199 facturum
1196 1158 1422 1210 autumat‘g
1451 1157 1524 1199 sed
1554 1160 1720 1212 poetam

170 1215 448 1270 gloriaturum
476 1215 607 1258 fuisse
649 1216 756 1257 hanc
794 1216 1127 1257 adversariorum
1158 1216 1505 1269 criminationem,
1546 1216 1625 1257 etsi
1666 1216 1720 1256 ad

171 1273 334 1316 fabulas
363 1277 486 1316 antea
507 1274 644 1317 factas
668 1275 759 1317 iure
783 1277 997 1330 spectaret,
1026 1277 1166 1316 tamen
1191 1274 1245 1316 ad
1269 1287 1374 1329 eam,
1398 1287 1526 1330 quam
1550 1277 1721 1316 acturus

172 1336 291 1387 esset,
322 1333 494 1375 minime
522 1334 742 1389 pertinere.
803 1332 921 1383 Quae
958 1345 1056 1375 cum
1090 1332 1309 1375 Terentius
1345 1334 1392 1374 in
1426 1333 1599 1389 prologo
1636 1346 1720 1375 non

172 1392 337 1446 dixerit,
378 1392 511 1447 sequi,
552 1395 601 1434 ut
630 1392 730 1434 talia
760 1392 898 1434 dicere
927 1392 1099 1434 omnino
1129 1404 1215 1433 non
1245 1393 1452 1447 potuerit3
1500 1404 1600 1447 ergo
1624 1392 1721 1434 reli—

173 1463 307 1506 quum
337 1462 440 1505 esse,
479 1453 528 1492 ut
557 1449 1057 1492 Heautontimorumenos
1087 1452 1369 1492 contaminata
1399 1452 1463 1492 sit.
1524 1451 1607 1493 Sed
1639 1451 1722 1492 tale

171 1510 467 1565 argumentum
502 1521 558 1552 ex
595 1509 761 1552 silentio
797 1510 1011 1566 scriptoris
1042 1510 1219 1566 petitum
1257 1522 1421 1565 semper
1451 1514 1515 1551 est
1544 1508 1721 1551 dubium

171 1572 213 1611 et
241 1568 382 1618 fallax,
423 1569 669 1624 praesertim
713 1582 810 1611 cum
853 1568 928 1611 tali
963 1569 1278 1611 ratiocinatione
1308 1566 1492 1611 adhibita
1523 1569 1601 1611 hcc
1629 1569 1721 1611 loco

172 1628 298 1671 etiam
328 1628 585 1670 contrarium
615 1627 727 1684 quod
758 1628 824 1683 sit,
869 1626 979 1669 effici
1007 1628 1162 1683 possit·
1205 1627 1424 1670 Terentius
1455 1629 1580 1688 enim,
1612 1628 1723 1670 dicat

173 1687 399 1743 quispiam,
444 1688 481 1729 si
525 1687 863 1741 contaminasset,
902 1687 1079 1729 dixisset
1107 1700 1191 1728 non
1223 1687 1347 1729 modo
1377 1699 1423 1729 se
1453 1700 1537 1729 non
1569 1699 1722 1742 negare

171 1746 216 1788 id
245 1746 402 1788 factum
432 1758 523 1788 esse
553 1749 594 1787 et
616 1746 813 1788 audacter
835 1746 987 1787 iterum
1006 1745 1118 1787 idem
1143 1745 1350 1787 facturum
1375 1758 1478 1800 esse,
1501 1746 1576 1788 sed
1595 1747 1721 1788 etiam

172 1806 280 1848 hauc
311 1818 479 1861 quoque
508 1804 705 1858 fabulam,
748 1818 875 1860 quam
917 1808 1088 1847 acturus
1130 1808 1258 1858 esset,
1300 1806 1464 1847 etiamsi
1493 1806 1722 1848 adversarii

171 1866 344 1920 propter
372 1864 534 1907 fabulas
565 1865 866 1905 contaminatas
896 1876 941 1905 se
964 1864 1150 1906 maxime
1178 1865 1552 1919 reprehendissent,
1581 1869 1721 1908 tamen

172 1937 197 1965 a
227 1936 272 1965 se
302 1924 627 1965 contaminatam
657 1935 758 1966 esse.
818 1922 912 1964 Hoc
948 1926 1089 1965 autem
1126 1936 1224 1965 cum
1260 1936 1345 1965 non
1383 1923 1555 1978 dixerit,
1590 1925 1723 1979 sequi,

172 1986 221 2025 ut
250 1983 456 2024 eiusmodi
486 1982 615 2024 verba
652 1983 799 2024 dicere
824 1983 996 2024 omnino
1032 1995 1117 2024 non
1153 1984 1356 2038 potuerit,
1396 1987 1444 2025 ut
1473 1982 1723 2026 Heautonti-

172 2053 442 2084 morumenos
471 2054 555 2083 non
588 2042 870 2084 contaminata
899 2041 964 2083 sit.
1016 2040 1134 2083 Nihil
1157 2043 1287 2097 igitur
1306 2043 1358 2083 de
1387 2042 1554 2084 fabulae
1583 2047 1724 2085 conta·

172 2101 403 2143 minatione
433 2101 508 2143 tali
537 2102 698 2143 ratione
729 2102 803 2156 qui
833 2104 989 2156 utetur,
1017 2105 1200 2143 statuere
1229 2103 1391 2157 poterit.

292 2158 455 2201 Deinde
485 2159 613 2202 verba
642 2172 697 2202 ne
726 2163 902 2215 possunt
932 2160 1104 2215 quidem
1133 2161 1192 2201 ita
1215 2160 1414 2216 intellegi,
1444 2164 1492 2202 ut
1511 2162 1592 2202 viri
1613 2162 1724 2203 docti

173 2219 408 2261 voluerunt.
467 2218 617 2273 Neque
658 2220 769 2260 enim
806 2218 1326 2272 Heautontimorumenos,
1371 2220 1408 2261 si
1443 2221 1725 2262 contaminata

173 2281 256 2331 est,
298 2289 354 2319 ex
384 2277 586 2332 ,simplici‘
626 2278 666 2318 h.
697 2290 750 2330 e.,
793 2281 841 2319 ut
877 2276 1126 2319 Skutschius
1162 2279 1252 2333 ipse
1294 2278 1500 2333 concedit,
1542 2291 1599 2320 ex
1636 2292 1723 2320 uno

173 2340 419 2392 argumento
448 2335 557 2379 facta
586 2340 660 2391 est,
690 2336 762 2378 sed
794 2349 849 2379 ex
874 2336 1037 2379 duabus
1066 2335 1221 2379 fabulis
1246 2336 1442 2392 Graecis;
1472 2349 1610 2393 neque
1633 2338 1725 2393 ipsa

172 2396 352 2452 ,duplex‘
394 2396 503 2439 facta
544 2401 624 2450 est,
665 2395 739 2438 sed
781 2396 891 2449 ‚una‘
936 2396 990 2450 (h.
1021 2408 1056 2438 e.
1092 2396 1287 2452 simplex)
1330 2396 1438 2439 facta
1474 2400 1536 2439 est
1571 2397 1724 2439 fabula.

174 2454 312 2505 Quare
350 2455 413 2509 id,
456 2455 569 2510 quod
606 2455 657 2497 de
697 2453 848 2497 Leonis
885 2456 1091 2497 sententia
1131 2457 1198 2496 vir
1239 2456 1386 2498 doctus
1429 2457 1547 2510 dicit,
1590 2458 1724 2498 multo

174 2515 312 2570 magis
342 2515 385 2556 in
418 2515 552 2570 ipsius
583 2514 829 2566 sententiam
867 2514 1015 2557 cadere
1044 2515 1148 2556 mihi
1190 2515 1380 2557 videtur:
1422 2517 1577 2557 etenim
1616 2528 1726 2571 eum,

176 2586 303 2630 quem
334 2576 400 2615 vir
430 2574 577 2616 doctus
607 2574 763 2628 statuit,
792 2586 964 2616 sensum
993 2573 1209 2630 praeberet
1236 2587 1383 2617 versus
1412 2575 1531 2616 talis:

291 2654 333 2699 ⁸)
356 2654 440 2690 diss.
464 2654 581 2700 inaug.
609 2666 640 2700 p.
666 2655 688 2690 5
712 2664 778 2699 sqq

292 2701 335 2750 ²⁸)
359 2702 403 2757 In
428 2695 620 2751 ‚Philologi‘
644 2665 754 2739 tomoq
761 2701 848 2739 LIX
871 2702 992 2750 (1900)
1017 2714 1050 2751 p.
1071 2704 1088 2737 1
1114 2713 1191 2751 sqq.
1216 2705 1254 2738 et
1276 2714 1310 2750 p.
1337 2705 1356 2739 7
1382 2713 1435 2750 sq.
