2067 3311
799 100 1089 141 -73-

172 216 354 271 duceret,
383 213 546 259 fabulas
575 217 728 259 iterum
758 217 995 272 iterumque
1024 217 1185 272 egisse?
1232 217 1301 259 An
1328 227 1547 258 censemus
1574 214 1718 257 Ambi-

169 276 288 317 vium
330 278 566 331 sperantem
608 288 652 318 se
689 288 744 318 ex
779 276 901 319 novis
935 274 1107 331 fabulis,
1149 288 1254 333 quas
1291 273 1498 317 Caecilius
1532 272 1719 316 facturus

170 337 296 389 esset,
332 334 514 377 multum
548 334 657 377 lucri
694 335 980 391 quaesiturum
1018 339 1125 390 esse,
1160 339 1250 378 tum
1289 346 1367 377 nec
1399 334 1612 389 impensae
1641 345 1719 374 nec

169 392 302 434 labori
332 394 592 448 pepercisse?
640 392 751 443 Quid
781 398 883 448 tum,
912 396 949 436 si
978 394 1075 437 illae
1104 407 1239 436 novae
1268 394 1413 436 eodem
1444 392 1569 434 modo
1593 395 1720 447 atque

169 451 353 506 fabulae,
390 465 495 508 quas
528 455 651 521 poeta
687 452 739 494 ad
775 453 818 495 id
854 456 1018 509 tempus
1054 453 1224 508 fecerat,
1263 450 1565 508 displicebant?
1625 449 1719 492 Hoc

169 511 300 564 igitur
336 510 388 552 ab
425 513 539 553 omni
576 511 865 566 probabilitate
901 517 964 554 est
999 513 1195 554 alienum.
1256 511 1457 565 Sequitur
1488 511 1634 564 igitur,
1672 514 1719 550 ut

169 581 224 611 ex
265 568 478 612 veteribus
520 582 688 625 quoque
722 569 893 624 fabulis,
935 571 1060 612 etiam
1095 582 1151 612 ex
1187 570 1344 612 exactis
1380 568 1521 611 lucelli
1557 565 1718 623 aliquid

169 627 260 669 fieri
284 629 476 682 potuerit,
500 634 548 670 ut
568 628 792 671 Ambivius
815 629 978 670 fabulas
1001 622 1180 682 iteraret,
1204 640 1290 669 non
1310 628 1447 669 solum
1469 640 1553 682 quo
1573 630 1719 682 poetae

169 686 358 728 animum
387 687 575 742 erigeret,
606 688 678 729 sed
709 688 833 729 etiam
866 690 914 729 ut
942 687 1032 742 ipse
1060 687 1241 728 fructum
1274 689 1448 741 caperet.
1502 685 1585 727 Sed
1617 686 1718 726 Am-

168 745 326 799 bivius,
361 758 445 787 non
484 746 578 788 ideo
612 747 711 800 quia
741 758 848 800 nego
879 746 1096 788 dominum
1125 747 1282 800 gregis,
1320 744 1567 799 plerumque
1595 743 1719 786 liber-

168 803 374 859 tinum,²⁴)
411 817 496 846 non
526 817 680 860 magna
709 805 887 859 pecunia
915 804 1169 860 praeditum,
1205 816 1282 845 sua
1311 804 1444 858 ipsius
1473 815 1519 844 re
1548 814 1719 857 prorsus

169 862 411 918 neglecta²⁶)
448 866 665 918 poetarum
702 876 827 905 causa
863 862 985 905 illum
1021 862 1206 905 laborem
1235 862 1478 917 suscepisse,
1507 861 1719 916 putandus

169 924 232 962 est
254 921 380 962 homo
405 934 557 962 avarus
579 921 710 962 fuisse
733 922 1027 976 propriamque
1050 922 1183 962 solam
1203 921 1426 962 utilitatem
1446 921 1718 975 spectasse.²⁶)

286 978 368 1023 Sed
388 979 607 1023 redeamus
628 979 678 1022 ad
700 980 969 1037 propositum.
1011 978 1118 1022 Cum
1139 980 1269 1035 igitur
1289 978 1536 1021 Ambivium
1556 977 1719 1020 fabulas

169 1038 427 1080 Caecilianas
452 1043 573 1093 poeta
596 1052 729 1094 paene
752 1041 885 1080 invito
908 1040 1063 1081 iterum
1077 1040 1313 1093 iterumque
1328 1039 1463 1093 egisse
1478 1038 1719 1090 viderimus,

167 1098 369 1153 sequitur,
398 1101 446 1139 ut
476 1098 515 1140 ei
544 1101 631 1139 non
662 1098 785 1140 modo
815 1097 979 1140 licuerit
1002 1097 1164 1140 fabulas
1188 1098 1349 1150 iterare,
1379 1096 1452 1139 sed
1476 1097 1568 1138 eius
1592 1096 1719 1138 etiam

168 1157 314 1210 magni
344 1157 579 1198 interfuerit
608 1169 678 1198 eas
707 1158 881 1211 placere.
928 1156 1167 1211 Utrumque
1197 1160 1338 1198 autem
1368 1157 1426 1197 ita
1455 1159 1619 1197 tantum
1644 1168 1718 1197 ex-

169 1214 360 1270 plicatur,
385 1217 433 1257 ut
453 1228 551 1257 eum
570 1213 734 1257 fabulas
753 1214 806 1257 ab
826 1215 917 1271 ipso
936 1218 1058 1271 poeta
1077 1228 1155 1257 suo
1174 1215 1306 1270 pretio
1322 1216 1473 1256 emisse
1487 1214 1717 1256 credamus.

289 1275 328 1316 4.
359 1272 431 1316 Ad
461 1274 537 1315 hos
562 1278 700 1316 autem
724 1274 851 1329 locos,
882 1276 955 1329 qui
980 1275 1032 1316 ad
1056 1273 1217 1316 Terenti
1244 1275 1379 1329 ipsam
1403 1276 1579 1315 aetatem
1602 1285 1717 1328 spec·

169 1335 271 1387 tant,
301 1333 505 1375 accedunt
534 1333 615 1374 loci
644 1334 904 1388 posteriores,
935 1332 1091 1387 quibus
1114 1333 1228 1374 idem
1251 1333 1578 1384 demonstratum
1609 1333 1719 1374 sicut

167 1391 381 1434 Iuvenalis
411 1392 512 1434 dicit
540 1395 615 1434 sat.
646 1391 732 1433 VII
763 1392 818 1434 87
851 1392 902 1434 de
932 1391 1063 1435 Statio
1093 1396 1216 1447 poeta
1245 1392 1340 1433 hoc:

379 1450 545 1504 „Esurit
575 1451 772 1492 intactam
803 1450 945 1492 Paridi
975 1451 1057 1492 nisi
1087 1451 1233 1492 vendit
1263 1450 1532 1505 Agauen“.²⁷)

286 1507 379 1558 Quo
395 1520 450 1551 ex
465 1509 556 1551 loco
571 1510 806 1551 necessario
823 1508 1015 1562 efficitur,
1030 1512 1078 1551 ut
1094 1509 1251 1551 Statius
1266 1514 1387 1564 poeta
1402 1509 1718 1563 pantomimum,

168 1580 293 1624 quem
309 1567 434 1610 modo
450 1569 626 1623 scripsit,
648 1567 793 1610 Paridi
808 1568 847 1612 h.
864 1580 899 1610 e.
914 1569 994 1624 ipsi
1009 1568 1265 1624 pantomimo
1281 1567 1525 1610 vendiderit.
1557 1567 1717 1609 Histrio

166 1628 296 1682 igitur
319 1628 409 1682 ipse
431 1627 595 1669 fabulas
619 1639 762 1678 novas,
787 1640 892 1683 quas
916 1631 1086 1669 acturus
1111 1632 1184 1680 est,
1208 1627 1314 1669 solet
1338 1627 1491 1681 eligere
1510 1630 1551 1668 et
1568 1639 1716 1668 emere-

288 1687 325 1727 5.
357 1685 476 1728 Idem
505 1685 705 1741 probatur
735 1685 947 1728 Ciceronis
976 1685 1081 1739 loco,
1112 1687 1186 1741 qui
1216 1689 1279 1727 est
1308 1687 1350 1727 in
1382 1685 1490 1727 libro
1520 1685 1596 1739 „de
1626 1684 1717 1727 offi-

166 1745 264 1786 ciis“
284 1744 307 1785 I
332 1745 402 1797 31,
429 1746 532 1786 114:
559 1744 727 1798 „Suum
743 1745 922 1799 quisque
946 1745 1074 1799 igitur
1093 1748 1238 1786 noscat
1257 1745 1474 1798 ingenium
1496 1757 1717 1798 acremque

166 1816 211 1845 se
236 1807 276 1845 et
301 1803 505 1845 bonorum
531 1807 572 1845 et
587 1803 785 1845 vitiorum
801 1815 974 1845 suorum
991 1803 1171 1844 iudicem
1188 1803 1394 1858 praebeat,
1418 1815 1473 1844 ne
1497 1803 1718 1844 scaenici

166 1862 262 1917 plus
298 1875 426 1918 quam
462 1875 540 1904 nos
576 1862 799 1903 videantur
835 1861 987 1904 habere
1022 1862 1277 1917 prudentiae.
1339 1861 1404 1903 Illi
1449 1862 1577 1903 enim
1621 1874 1717 1903 non

166 1925 410 1976 optumas,
445 1921 531 1963 sed
562 1920 658 1963 sibi
689 1921 1252 1973 accommodatissumas
1282 1920 1480 1963 fabulas
1511 1921 1717 1976 eligunt.

208 2014 216 2022 .
249 2013 259 2023 .
289 1979 420 2035 Ergo
458 1981 639 2023 histrio
677 1981 768 2022 hoc
805 1980 1000 2022 videbit
1036 1982 1086 2021 in
1125 1993 1320 2034 scaena,
1352 1993 1435 2022 non
1465 1979 1625 2023 videbit
1654 1981 1720 2021 vir

165 2039 329 2095 sapiens
359 2040 405 2081 in
439 2036 571 2082 vita?“

285 2098 322 2141 6.
355 2097 548 2154 Denique
572 2098 889 2141 memorandum
915 2101 978 2140 est
994 2098 1244 2154 Crinagorae
1261 2099 1516 2154 epigramma
1532 2099 1718 2152 (Anthol.

164 2157 251 2199 Pal.
277 2157 344 2199 IX
377 2157 555 2213 542)²⁸):

163 2320 216 2355 Ph
283 2273 646 2356 ²⁴)0313Mar512uardt:
677 2273 799 2309 Roem.
831 2273 1083 2310 Staatsverw.¹
1105 2274 1160 2309 III
1191 2274 1312 2319 (1885)
1343 2286 1375 2319 p.
1402 2274 1471 2310 539
1507 2275 1544 2310 et
1567 2274 1717 2311 Hauler:

218 2330 304 2355 orm.
378 2347 385 2355 .
458 2348 466 2356 .
562 2330 580 2355 s
607 2348 614 2356 .

282 2366 326 2411 ²⁵)
349 2367 406 2403 Ita
428 2330 643 2403 fzitschel‘ilus
666 2367 705 2402 in
729 2367 873 2414 Parerg.
899 2379 932 2414 p.
950 2369 1020 2405 333
1045 2379 1087 2414 sq
1064 2379 1121 2414 q.q
1147 2389 1190 2394 —
1218 2368 1324 2405 Fabia
1347 2368 1369 2404 l.
1395 2379 1423 2404 s.
1449 2380 1477 2404 s,
1502 2380 1535 2414 p.
1558 2370 1623 2404 145
1640 2379 1716 2414 sqq.

163 2434 207 2440 —
233 2414 398 2450 Klebsius
423 2417 491 2460 (ap.
516 2414 646 2459 Pauly·
648 2414 859 2450 Wissowam
884 2416 950 2460 Ip
989 2415 1080 2451 1804
1104 2426 1192 2499 s.15v.
1218 2413 1452 2460 ,Ambivius‘.)

283 2461 325 2503 ²⁶)
350 2461 397 2497 cf.
422 2461 556 2498 Havet:
582 2472 657 2497 rev.
682 2461 727 2497 de
751 2461 837 2507 phil.
862 2462 900 2498 X
924 2427 1094 2509 (pl886)p

283 2509 325 2554 ’7)
351 2509 507 2553 ‚juncta
529 2511 675 2555 Agaue“
699 2509 879 2555 significat
906 2510 1061 2546 fabulam
1071 2464 1249 2546 pnon5dum
1280 2511 1410 2547 editam
1434 2513 1495 2547 aut
1519 2512 1632 2547 actam
1649 2511 1718 2547 vel.

161 2558 203 2592 ut
233 2556 420 2593 scholiasta
454 2556 498 2592 ad
526 2556 562 2591 h.
594 2555 618 2591 l.
659 2556 818 2602 adnotat,
856 2557 1078 2601 „cantionem
1113 2558 1340 2593 ἰιιαιιᾱίιεαιιι77.
1396 2558 1495 2593 Idem
1526 2558 1634 2603 igitur
1664 2549 1721 2594 est

164 2605 304 2649 atque,
309 2603 490 2648 integram
517 2603 755 2639 comoediam“
779 2604 817 2639 in
841 2604 970 2640 Heaut.
996 2604 1081 2649 prol.
1108 2616 1143 2640 v.
1169 2605 1212 2648 4·
1239 2605 1289 2640 cf.
1314 2604 1414 2640 Statii
1438 2604 1566 2640 Silv.1
1590 2605 1624 2649 2,
1649 2605 1720 2641 238

163 2652 200 2687 et
224 2651 279 2686 III
308 2653 337 2695 Ι,
363 2651 418 2686 67.
438 2670 481 2675 —
507 2650 736 2686 Friedlander
760 2651 802 2686 ad
828 2651 1018 2696 Iuvenalis,
1045 2651 1204 2687 Vollmer
1230 2652 1273 2687 ad
1296 2653 1449 2697 priorem
1467 2652 1569 2687 Statii
1593 2653 1718 2688 locum.

284 2698 325 2743 ¹⁸)
351 2699 397 2734 cf.
424 2697 652 2734 Rubensohni
678 2699 731 2734 ed.
758 2697 897 2745 Cn’nag.
924 2699 1033 2745 epigr.
1059 2699 1190 2744 (Berol.
1222 2699 1326 2742 1888)
1351 2711 1384 2745 p.
1411 2699 1457 2735 94
1481 2711 1515 2734 n.
1542 2699 1600 2736 40.
