2067 3311
858 85 1178 128 -35-..

350 201 547 258 Denique
591 203 669 245 hae
710 204 870 246 ratione
911 203 1018 246 illud
1061 217 1233 260 quoque
1274 204 1475 260 explicari
1516 206 1651 259 potest
1690 171 1809 245 fieri⁴

225 262 424 321 potuisse,
448 265 498 305 ut
512 262 692 320 Adelphi
716 262 858 306 fabula
881 276 992 306 nova
1014 263 1128 306 ludis
1146 262 1406 319 funebribus,
1431 264 1506 320 qui
1520 274 1675 306 novem
1690 266 1782 304 tan-

194 356 196 358 .
226 325 317 363 tum
355 321 503 364 diebus
538 328 631 378 post
666 326 843 365 mortem
873 322 918 366 L.
943 322 1100 365 Aemili
1129 322 1269 366 Paulli
1299 323 1397 365 facti
1425 326 1545 377 sunt,
1576 325 1781 378 ageretur.

343 437 438 482 Has
480 441 610 497 igitur
650 453 718 483 res
759 441 936 483 diversis
976 441 1113 483 modis
1154 442 1370 497 explanari
1411 453 1532 497 posse
1573 441 1780 483 videmus.

223 497 380 541 Tamen
402 499 556 555 quibus
580 498 897 542 oondicionibus
916 503 1039 555 poeta
1057 499 1247 554 singulas
1265 498 1430 542 fabulas
1450 500 1620 542 domiuo
1639 500 1778 556 gregis

225 557 406 613 agendas
441 558 676 613 tradiderit,
710 571 809 601 oum
838 558 1068 609 diiudioare
1097 571 1183 600 non
1213 559 1442 614 possimus,
1480 559 1549 601 hio
1577 560 1778 601 consista-

224 629 331 658 mus.
391 615 508 659 Haec
535 618 665 673 igitur
694 618 931 660 statuimus.

340 674 373 717 Ι.
416 674 500 718 Pro
529 676 762 719 certissimo
791 675 1033 719 habendum
1063 679 1146 718 est:

343 735 380 775 1.
410 733 466 776 Et
485 738 642 790 =poetae
672 748 771 776 cum
801 734 972 788 domino
1000 735 1153 789 gregis,
1185 747 1268 777 non
1301 748 1399 776 oum
1429 734 1628 777 ludorum
1657 747 1778 776 eura-

223 791 397 848 toribus,
427 793 489 841 de¹
508 792 661 843 fabulis
692 792 866 849 agendis
895 793 1153 835 convenisse.

342 853 381 894 2.
404 850 460 894 Et
484 855 732 908 contractus,
757 865 863 908 quos
893 852 937 894 hi
962 852 1088 895 huius
1110 852 1172 894 rei
1191 865 1319 895 causa
1336 852 1537 906 fecerunt,
1562 855 1604 895 et
1620 852 1776 894 multos

223 914 264 951 et
294 912 430 953 varios
459 910 599 954 fuisse.

342 970 380 1011 3.
416 968 472 1011 Et
507 970 726 1011 dominum
761 970 902 1025 gregis
937 971 1148 1012 interdum
1182 969 1345 1013 fabulas
1375 983 1506 1012 novas
1535 971 1669 1026 pretio
1700 983 1775 1012 suo

223 1039 248 1068 a
277 1024 398 1082 poeta
427 1031 587 1083 emptas
617 1027 824 1082 habuisse,
854 1040 960 1084 quas
989 1040 1114 1083 agere
1144 1040 1307 1084 semper
1336 1035 1425 1071 erat
1452 1032 1634 1085 paratae.

340 1085 396 1128 II.
423 1085 575 1128 Contra
596 1087 723 1129 oeteri
743 1086 982 1129 contractus
1005 1086 1117 1129 inter
1139 1091 1304 1143 poetam
1329 1091 1371 1130 et
1394 1087 1613 1130 dominum
1635 1088 1777 1143 gregis

224 1145 331 1199 initi,
362 1146 506 1201 quales
535 1145 705 1202 fuerint,
738 1158 836 1188 cum
867 1150 1055 1189 veterum
1086 1146 1334 1189 testimoniis
1363 1159 1592 1201 careamus,
1622 1146 1775 1188 diiudi-

221 1215 316 1245 care
345 1216 431 1245 non
460 1216 695 1260 possumus.
