2067 3311
876 114 1167 155 —32-

242 231 384 273 minus
422 232 535 273 enim
572 234 684 274 recte
714 232 887 286 cogitari
918 235 1054 288 potest
1083 231 1327 275 Terentium
1359 235 1450 275 tum
1482 232 1672 285 demum,
1709 246 1803 276 cum

242 289 478 332 Eunuchus
513 290 657 407 fab)ula
694 292 877 333 maxime
913 291 1143 346 placuerat,
1184 291 1235 333 de
1266 291 1459 345 Hecyrae
1489 291 1607 334 clade
1637 304 1808 334 monere

243 362 396 391 ausum
428 350 572 391 esse.⁶⁹

361 408 402 461 b)
433 408 688 451 Addendum
721 412 784 451 est
816 409 952 451 aliud:
983 409 1116 452 Certis
1146 410 1405 465 argumentis
1435 411 1516 452 nisi
1549 409 1802 452 Eunuchum

243 468 368 524 paulo
407 472 504 511 ante
535 468 751 524 Adelphos
782 472 918 511 actam
950 481 1042 512 esse
1072 469 1370 512 intelleximus.
1432 468 1497 511 Ne
1527 469 1607 511 hac
1637 469 1806 526 quidem

243 540 288 569 re
326 529 639 570 demonstratur
672 527 887 583 Adelphos
924 527 1132 571 Eunucho
1171 529 1405 584 proximam
1442 528 1628 571 fabulam
1666 529 1807 571 fuisse.

244 586 414 629 Etenim
445 586 546 629 furti
572 588 730 629 crimen
757 599 805 629 eo
835 587 972 642 modo,
1004 600 1089 643 quo
1113 589 1156 629 in
1184 587 1405 643 Adelphon
1430 587 1602 643 prologo
1627 588 1809 643 respicit,

243 651 366 702 poeta
402 647 608 701 respicere
644 659 727 688 non
768 649 930 701 poterat
965 647 1048 688 nisi
1079 648 1126 688 in
1155 647 1327 702 prologo
1358 647 1449 689 eius
1479 646 1663 700 fabulae,
1700 660 1808 702 quae

244 707 279 747 si
311 709 403 747 acta
434 709 555 759 esset,
585 705 847 747 adversarios
877 705 989 746 idem
1020 706 1181 747 crimen
1213 705 1447 748 obiecturos
1478 717 1569 747 esse
1599 709 1720 762 poeta
1745 706 1806 748 di-

244 765 426 808 vinabat.
490 764 689 808 Phormio
725 765 856 820 igitur
896 768 942 806 ut
973 768 1065 806 acta
1096 768 1151 807 sit
1181 765 1291 808 inter
1321 764 1575 808 Eunuchum
1606 769 1648 808 et
1678 766 1807 808 Adel-

244 825 360 879 phos,
392 829 530 865 tamen
564 837 659 866 cum
694 824 802 865 hanc
832 823 1017 865 fabulam
1049 836 1104 865 ex
1134 837 1220 865 una
1252 826 1499 880 integraque
1524 823 1682 867 Graeca
1714 837 1805 866 ver—

243 883 360 925 tisset
362 883 429 938 ,⁷0)
476 895 600 924 nemo
642 882 749 924 illud
792 882 951 924 crimen
993 881 1184 924 Terentio
1228 882 1392 926 obicere
1431 884 1578 939 potuit
1652 882 1806 925 Contra

242 942 496 984 Terentius
484 956 530 983 m
550 941 765 996 Adelphos
789 954 907 983 suam
935 954 990 983 ex
1007 940 1167 996 Diphili
1192 941 1334 984 fabula
1359 938 1804 1009 Ezvanofiviononeffi

245 1013 373 1057 quam
404 1002 487 1042 iam
520 1013 545 1042 a
571 1000 722 1042 Plauto
754 1003 999 1056 usurpatam
1030 1011 1122 1042 esse
1153 1003 1194 1042 et
1222 999 1442 1043 Terentius
1467 1004 1509 1043 et
1532 1001 1669 1057 iniqui
1694 1000 1805 1043 haud

245 1060 507 1116 ignorabant,
538 1073 667 1102 unam
699 1072 893 1102 scaenam
919 1059 1212 1111 transtulerat;
1243 1073 1369 1115 quam
1395 1062 1473 1102 etsi
1499 1060 1677 1102 Plautus
1702 1063 1805 1102 inte-

244 1132 364 1175 gram
395 1120 633 1174 reliquerat,
663 1122 818 1160 tamen·
836 1118 1033 1160 facillime
1063 1117 1155 1160 fieri
1185 1122 1358 1174 poterat,
1389 1123 1437 1161 ut
1463 1118 1527 1160 illi
1552 1119 1807 1162 criminatio-

245 1192 343 1221 nem
384 1179 523 1221 denuo
560 1190 752 1233 promere
788 1177 1003 1219 auderent.
1066 1176 1130 1219 Ob
1169 1190 1260 1219 eam
1297 1179 1426 1232 igitur
1461 1190 1550 1220 rem
1586 1177 1806 1220 Terentius

244 1239 288 1279 in
333 1237 551 1293 Adelphon
598 1236 769 1292 prologo
811 1235 918 1278 illud
962 1236 1120 1278 crimen
1167 1236 1360 1292 respexit.
1400 1260 1453 1267 —
1492 1235 1641 1293 Neque
1676 1238 1807 1293 igitur

245 1310 418 1339 necesse
443 1304 505 1339 est
530 1301 603 1338 aut
627 1296 926 1338 Phormionem
950 1297 1150 1337 continuo
1176 1299 1268 1350 post
1292 1295 1803 1338 Heautontimorumenon

246 1360 383 1398 actam
414 1368 505 1398 esse
536 1359 608 1398 aut
633 1354 887 1397 Eunuchum
920 1357 961 1396 et
985 1354 1215 1410 Adelphos,
1245 1355 1323 1397 etsi
1353 1368 1482 1410 parvo
1513 1356 1646 1411 spatio
1677 1356 1805 1397 inter-

246 1417 375 1458 misso
406 1420 523 1457 actae
553 1418 664 1468 sunt,
694 1415 944 1457 continuum
975 1414 1165 1456 ordinem
1196 1413 1370 1456 efficere.
1431 1450 1434 1452 .

366 1474 433 1515 Ex
464 1474 648 1529 prologis
677 1474 808 1527 igitur
837 1472 938 1514 solis
969 1473 1162 1527 cognosci
1193 1476 1329 1527 potest
1358 1473 1461 1514 haec
1491 1474 1621 1515 series

248 1569 644 1625 I.prologorum:
717 1567 772 1611 II.
803 1566 1109 1635 fabularum:

1422 1656 1670 1698 continuum
1702 1668 1768 1698 or-

1411 1715 1551 1757 dinem
1583 1714 1783 1769 efficiunt,

1437 1777 1595 1830 quanto
1625 1775 1759 1830 spatio

1400 1834 1639 1875 intermisso
1670 1838 1786 1875 actae

276 1688 477 1741 Andriae,
788 1685 986 1753 prologus
998 1686 1199 1740 pertinet;
1217 1698 1326 1741 quae

275 1746 649 1789 Heautontimoru-
788 1746 978 1800 primane
1021 1744 1148 1786 fuerit
1193 1756 1325 1786 necne

519 1805 659 1861 [meni,
787 1804 1011 1846 nescimus.

276 1865 486 1918 Eunuchi,
718 1865 756 1905 2.
788 1862 981 1915 Hecyrae
1012 1863 1147 1916 prima
1177 1863 1285 1903 actio
1409 1892 1418 1901 .
1774 1892 1783 1901 .

276 1923 576 1979 Adelphorum,
718 1922 755 1963 3.
788 1920 1258 1963 Heautontimorumeni
1384 1895 1520 1993 ⁸¹¹2th
1528 1892 1808 1993 edxisgssffffs

1038 1980 1174 2034 prima
1204 1981 1322 2021 actio.
1756 1984 1764 1992 ⁰

747 2097 944 2139 Eunuchi
975 2098 1110 2151 prima
1141 2097 1248 2138 actio
1354 2096 1517 2142 lfactae
1548 2100 1649 2138 sunt
1678 2110 1807 2151 parvo

746 2155 968 2211 Adelphon
990 2155 1126 2209 prima
1147 2155 1254 2197 actio
1352 2143 1371 2195 s
1384 2155 1518 2210 spatio
1557 2155 1806 2198 intermisse.

714 2214 911 2268 Hecyrae
942 2214 1126 2255 secunda
1157 2214 1264 2256 actio
1351 2213 1502 2276 {nulla
1534 2214 1614 2256 alia
1642 2214 1807 2257 Terenti

716 2272 909 2326 Hecyrae
941 2273 1061 2312 tertia
1091 2273 1198 2313 actio
1349 2272 1528 2328 Jfabula
1560 2274 1808 2315 intermissa.

369 2357 566 2399 Phormio
609 2356 739 2409 igitur
783 2357 856 2395 aut
898 2357 994 2395 ante
1038 2353 1294 2396 Eunuchum
1337 2358 1410 2396 aut
1458 2358 1555 2397 ante
1591 2356 1808 2410 Adelphos

248 2420 333 2471 aut,
364 2416 407 2486 id
440 2414 552 2471 quod
584 2417 753 2469 propter
782 2411 1050 2454 Phormionis
1080 2412 1241 2468 prologi
1270 2426 1337 2454 vv.
1374 2414 1426 2454 12
1460 2426 1551 2469 sqq.
1581 2427 1667 2456 non
1699 2415 1807 2456 veri-

277 2135 469 2188 Hecyrae
485 2135 587 2189 prol.
598 2133 680 2186 I.,
679 2157 681 2188 l

217 2251 222 2255 ’
278 2253 472 2305 Hecyrae
487 2251 589 2306 prol.
601 2250 656 2291 ΙΙ.

437 2531 485 2567 cf.
511 2530 608 2566 infra
691 2529 737 2565 33
762 2528 842 2564 adn.
870 2528 925 2563 71.

368 2531 411 2623 333
436 2540 689 2614 Plionniongm
715 2574 986 2611 contaminatam
1005 2585 1085 2610 esse
1102 2575 1289 2612 Rummler
1300 2577 1546 2622 (quaestiones
1563 2576 1806 2612 Terentianae.

245 2627 386 2662 dissert
418 2626 527 2669 inaug
529 2623 648 2659 .Hal.
652 2623 774 2715 I'1873
808 2633 843 2666 p.
877 2621 923 2655 22
958 2623 1049 2666 sqq.)
1082 2623 1269 2658 ostendere
1303 2623 1455 2666 studuit,
1489 2633 1678 2668 perperam
1710 2633 1807 2658 sane.

246 2674 292 2709 cf.
319 2672 463 2709 Fabiam
493 2671 571 2707 1.s.
597 2681 625 2706 s.
679 2669 782 2705 ,189
807 2678 858 2713 sq.
893 2668 1078 2714 (imprimis
1110 2680 1142 2713 p.
1171 2670 1237 2706 190
1261 2681 1295 2705 n.
1323 2670 1357 2714 1)
1389 2671 1427 2706 et
1447 2650 1508 2706 W.
1528 2670 1746 2715 Wagnerum
1771 2669 1808 2705 in

248 2720 412 2756 Bursiani
438 2717 667 2754 relationibus
694 2717 710 2752 Ι
736 2717 856 2759 (1873)
882 2726 914 2761 p.
941 2716 1021 2751 449.
