2067 3311
847 171 1024 213 -24
1087 195 1139 205 .-

214 288 364 331 dubias
390 302 492 343 esse,
518 302 601 343 qua
626 301 671 330 re
696 289 931 344 explicatur
954 290 1067 332 viros
1092 289 1234 331 doctos
1258 287 1388 330 alium
1414 287 1534 330 aliter
1554 287 1606 329 de
1626 287 1769 329 eodem

213 348 385 403 prologo
409 348 671 390 iudicavisse.
719 347 887 390 Etenim
908 348 1052 389 eadem
1074 347 1201 389 verba
1222 347 1394 389 alterius
1414 347 1569 388 iudicio
1586 347 1772 387 modesta

215 407 492 462 demissaque,
514 406 686 449 alterius
706 406 862 448 iudicio
883 419 1054 461 prorsus
1075 406 1321 448 immodesta
1339 410 1466 460 atque
1481 418 1590 447 vana
1605 404 1770 457 sunt.⁶⁰)

214 464 379 515 Quibus
395 479 450 507 ex
466 466 569 507 locis
585 467 666 507 viri
683 466 793 507 docti
811 466 924 520 quod
942 467 1123 521 quisque
1137 466 1284 519 voluit,
1297 464 1475 507 libenter
1490 469 1770 519 sumpserunt.

331 524 411 566 His
441 525 572 580 igitur
596 527 854 579 argumentis
879 537 976 566 cum
1001 538 1149 580 pamm
1177 529 1289 566 certa
1313 526 1424 578 sunt,
1454 523 1576 565 nobis
1600 535 1771 578 prorsus

211 583 507 626 abstinendum
539 588 613 626 est.

325 656 349 708 ξ
383 655 423 698 3.
474 655 539 696 De
570 656 645 697 eis
680 654 996 708 prologorum
1033 654 1155 697 locis
1186 654 1375 708 quibus
1406 653 1659 695 Terentius

674 713 987 756 adversarios
1018 713 1314 766 aggreditur.

337 772 391 813 Ut
421 771 600 814 Luscius
625 773 801 827 eiusque
825 773 950 814 amici
974 771 1227 824 Terentium,
1260 773 1318 813 ita
1343 772 1410 813 hic
1434 770 1529 812 illos
1554 770 1770 812 nonnullis

212 831 263 873 de
293 830 420 873 rebus
451 830 700 886 obiurgavit.
747 830 939 873 Primum
962 831 1265 886 inquirendum
1289 834 1363 884 est,
1395 842 1479 885 quo
1503 830 1582 871 hae
1605 828 1770 871 Terenti

210 891 254 930 in
286 888 488 932 Luscium
519 890 832 932 criminationes
862 890 1115 945 spectent.⁶1)

328 947 379 989 In
412 948 600 990 Andriae
629 948 801 1004 prologo
833 951 888 1003 (v.
921 949 995 1002 21)
1025 948 1245 991 Terentius
1275 948 1541 1003 reprehendit
1571 948 1769 1002 „istorum

210 1007 432 1049 obscuram
471 1008 767 1062 diligentiam“‚
803 1021 858 1049 ex
896 1007 1051 1063 quibus
1088 1007 1228 1049 verbis
1259 1013 1300 1049 et
1330 1019 1386 1049 ex
1415 1011 1501 1049 tota
1531 1006 1658 1048 huius
1689 1007 1770 1048 loci

212 1067 421 1108 sententia
447 1071 617 1122 apparet
638 1066 880 1108 Terentium
904 1067 947 1107 id
973 1066 1057 1108 illis
1082 1067 1248 1108 crimini
1269 1066 1444 1119 dedisse,
1475 1066 1584 1120 quod
1607 1064 1770 1107 fabulas

213 1125 393 1166 Graecas
424 1125 678 1167 verbotenus
710 1126 1022 1180 expressissent.
1070 1125 1270 1167 Eiusdem
1303 1125 1362 1166 rei
1393 1124 1642 1166 documento
1670 1126 1770 1166 sunt

210 1182 377 1224 Terenti
407 1183 548 1236 verba,
579 1196 689 1238 quae
719 1187 820 1224 sunt
849 1184 892 1224 in
925 1182 1122 1224 Eunuchi
1152 1183 1323 1237 prologo
1354 1185 1436 1234 (vv.
1471 1180 1580 1238 7s8):
1784 1197 1789 1201 ·

422 1240 533 1294 „Qui
564 1240 688 1283 bene
718 1242 964 1283 vertendo
996 1245 1037 1283 et
1067 1242 1234 1283 easdem
1265 1240 1484 1283 scribendo
1516 1239 1625 1281 male

421 1299 490 1340 Ex
521 1300 692 1341 Graecis
724 1300 845 1341 bonis
877 1299 1045 1341 Latinas
1075 1300 1173 1342 fecit
1202 1313 1288 1341 non
1320 1299 1486 1352 bonas“,

208 1359 253 1399 in
285 1357 441 1413 quibus
472 1358 549 1400 hoe
581 1357 699 1412 ,bene
731 1358 944 1400 vertendo‘
976 1359 1028 1399 ad
1056 1358 1172 1400 illam
1199 1357 1469 1413 diligentiam,
1501 1370 1584 1412 qua
1608 1358 1675 1399 usi
1699 1358 1768 1398 ad-

207 1418 384 1459 versarii
408 1417 572 1459 fabulas
598 1416 778 1459 Graecas
804 1420 1113 1471 converterunt,
1138 1420 1324 1472 spectare
1344 1423 1531 1472 apparet3
1557 1420 1768 1471 praeterea

207 1476 311 1517 haec
355 1475 482 1517 verba
525 1476 685 1531 aliquid
727 1476 1064 1531 reprehensionis
1103 1488 1203 1530 prae
1239 1488 1285 1517 se
1321 1475 1456 1517 ferant
1492 1487 1661 1517 necesse
1697 1480 1771 1517 est.

208 1538 297 1576 Aut
334 1535 463 1589 igitur
492 1534 711 1576 Terentius
743 1536 903 1590 iniquis
934 1535 999 1576 his
1032 1547 1200 1589 quoque
1231 1534 1370 1576 verbis
1408 1534 1526 1587 ,bene
1558 1534 1769 1576 vortendo‘

207 1594 322 1635 illam
361 1594 535 1635 nimiam
573 1593 831 1645 diligentiam
865 1593 1027 1648 obiecit,
1065 1593 1109 1635 id
1143 1594 1254 1649 quod
1286 1592 1511 1635 Roehricht
1540 1606 1577 1648 p.
1612 1592 1665 1634 37
1699 1593 1769 1646 (=

207 1651 316 1694 Diss.
347 1653 447 1707 phil.
478 1652 581 1707 Arg.
612 1651 680 1693 IX
711 1666 749 1707 p.
783 1653 883 1694 329)
931 1658 1070 1707 putat,
1107 1658 1180 1694 aut
1215 1665 1290 1707 per
1320 1653 1556 1694 irrisionem
1587 1654 1772 1706 respexit

208 1711 342 1766 ipsius
373 1710 498 1752 Lusci
531 1710 669 1766 verba,
701 1711 775 1766 qui
806 1723 850 1753 se
881 1712 1020 1753 solum
1044 1710 1209 1753 fabulas
1235 1710 1414 1753 Graecas
1446 1711 1563 1764 ‚bene
1587 1711 1771 1764 vertere‘,

205 1769 446 1812 Terentium
475 1783 546 1812 eas
573 1771 881 1824 ,contaminare‘
906 1770 1109 1825 gloriatus
1134 1777 1234 1822 erat,
1265 1770 1391 1811 simul
1417 1774 1458 1812 et
1481 1769 1641 1812 addidit
1666 1768 1769 1812 Lus·

207 1830 322 1871 cium
352 1836 400 1870 ut
432 1829 686 1871 verbotenus
716 1830 903 1882 vertisse,
937 1830 995 1871 ita
1025 1829 1135 1871 male
1166 1830 1392 1885 scripsisse.
1454 1829 1536 1872 Sed
1566 1829 1644 1871 hoc
1674 1832 1770 1871 utut

206 1901 251 1930 se
288 1887 426 1940 habet,
465 1887 667 1930 Luscium
698 1887 861 1930 fabulas
893 1887 1073 1930 Graecas
1104 1887 1357 1931 verbotenus
1388 1889 1643 1944 expressisse
1673 1889 1770 1930 inde

206 1948 307 1989 satis
346 1947 491 1989 elucet.
553 1946 647 1989 Hoc
683 1960 817 1989 unum
854 1960 953 1989 cum
989 1951 1149 1989 certum
1187 1948 1258 2001 sit,
1299 1949 1508 2002 sequitur,
1551 1952 1597 1989 ut
1634 1951 1770 1989 cetera

206 2006 322 2058 vitia,
353 2019 461 2061 quae
485 2005 703 2048 Terentius
734 2006 1012 2061 reprehendit,
1043 2019 1128 2048 non
1158 2011 1244 2048 tam
1275 2008 1319 2047 in
1345 2005 1547 2049 Luscium
1573 2019 1701 2061 quam
1724 2007 1767 2047 in

206 2065 412 2121 Graecum
445 2065 661 2120 exemplar
684 2065 901 2118 cadant,⁶²)
932 2069 981 2107 ut
1005 2066 1084 2107 hoc
1108 2066 1237 2120 igitur
1262 2066 1401 2107 solum
1428 2064 1770 2122 Luscio-crimini

327 2157 372 2201 ⁶⁰)
398 2158 486 2203 Hoc,
512 2159 553 2193 ut
577 2158 740 2204 exemplo
765 2159 856 2199 utar,
881 2157 1161 2203 praeclarissime
1185 2157 1382 2193 illustratur
1406 2158 1562 2193 virorum
1586 2158 1768 2193 doctorum

203 2207 248 2241 de
274 2206 430 2241 Andriae
461 2204 594 2251 prologi
620 2205 782 2241 versibus
807 2205 915 2251 24s27
941 2205 1097 2241 iudiciis:
1123 2205 1326 2250 Wagnerus
1351 2205 1445 2240 enim
1472 2205 1546 2250 (,in,
1571 2204 1660 2240 libro
1684 2205 1768 2240 mis-

202 2252 360 2288 cellaneo
385 2252 479 2288 edito
505 2263 526 2288 a
550 2252 718 2288 societate
745 2252 954 2298 philologica
971 2252 1164 2288 Bonnensi‘
1191 2252 1283 2288 1864
1308 2263 1339 2298 p.
1359 2253 1418 2297 77)
1443 2254 1543 2298 putat
1567 2254 1706 2298 poetam
1725 2254 1768 2288 ad

197 2300 488 2344 desperationem
513 2300 592 2334 fere
619 2300 802 2335 redactum
830 2300 894 2335 hoc
921 2310 1062 2345 rogare;
1087 2299 1391 2335 Paeckelmannus
1416 2299 1452 2343 (l.
1477 2310 1506 2335 s.
1532 2310 1560 2335 s,
1586 2310 1619 2345 p.
1645 2300 1768 2347 29s31)

201 2346 461 2382 modestissime
497 2348 636 2391 poetam
672 2346 730 2381 hic
766 2346 878 2391 loqui3
916 2346 1114 2381 Karstenus
1149 2346 1184 2391 (l.
1218 2357 1246 2381 s.
1272 2357 1300 2382 s.
1326 2358 1359 2392 p.
1387 2347 1468 2391 187)
1503 2349 1665 2392 „poetam
1699 2358 1769 2382 non

201 2393 320 2430 levem
359 2393 414 2428 sui
451 2393 621 2428 fiduciam
652 2392 834 2428 declarare
867 2395 928 2428 aut
958 2393 1013 2427 sui
1038 2404 1138 2438 spem
1164 2394 1321 2429 excitare
1347 2394 1437 2438 apud
1463 2395 1691 2439 spectatores,
1716 2395 1769 2429 uti

203 2441 271 2477 fiat
297 2441 334 2476 in
360 2453 418 2477 vv.
445 2439 611 2476 24-28·ι
636 2440 697 2485 (cf.
723 2440 818 2475 idem
843 2451 876 2486 p.
902 2439 999 2480 220).

322 2488 365 2532 ⁸¹)
391 2488 458 2523 His
489 2488 533 2522 de
567 2487 654 2523 locis
685 2487 776 2523 bene
803 2489 954 2532 egerunt
977 2488 1171 2524 Roehricht
1196 2500 1228 2533 p.
1255 2490 1406 2524 31-37.
1459 2489 1622 2532 (Dissert.
1649 2489 1767 2534 philol.

202 2536 390 2581 A.rgentor
441 2535 496 2570 IX
521 2545 554 2581 p.
580 2534 691 2570 323-
700 2533 784 2574 329)
810 2536 847 2570 et
869 2534 1020 2570 Fabial.
1047 2545 1074 2571 s.
1101 2546 1128 2570 s.
1153 2546 1187 2581 p.
1213 2535 1326 2571 261-
1332 2535 1412 2571 282.

322 2582 366 2626 ⁶¹)
392 2583 497 2619 Certe
523 2593 589 2628 per
613 2593 651 2618 se
677 2593 749 2617 non
773 2582 891 2617 minus
916 2583 1060 2628 cogitari
1077 2584 1194 2637 potest
1214 2583 1419 2619 Terentium
1436 2583 1541 2619 Lusci
1565 2584 1766 2619 universam

202 2630 343 2664 dicendi
377 2630 550 2665 rationem
585 2630 870 2674 reprehendisse,
905 2630 940 2665 id
965 2631 1057 2674 quod
1082 2631 1119 2664 in
1146 2630 1343 2668 scribendo
1368 2631 1471 2666 male‘
1497 2630 1615 2666 inesse
1641 2632 1766 2684 potest

202 2676 329 2722 Neque
363 2687 449 2712 vero
484 2677 576 2712 hanc
607 2676 645 2711 in
681 2687 758 2712 rem
794 2677 966 2722 quadrare
1001 2678 1150 2723 possunt
1173 2678 1316 2713 Terenti
1349 2678 1387 2712 in
1411 2677 1578 2713 Luscium
1610 2677 1768 2721 crimina,

204 2735 294 2769 quae
319 2724 356 2759 in
381 2724 522 2768 Heaut.,
548 2724 651 2769 Eun„
677 2724 820 2759 Phorm.
846 2724 997 2770 prologis
1021 2724 1191 2771 leguntur
1215 2726 1274 2769 (cf.
1301 2736 1334 2771 ρ.
1349 2725 1394 2761 25
1412 2729 1488 2772 sq.).
1539 2725 1655 2769 Quare
1681 2724 1768 2762 haec

204 2771 291 2808 vitia
316 2771 354 2806 in
380 2772 554 2807 Graecum
581 2751 765 2820 exemplar
789 2772 915 2808 eadere
940 2772 1116 2809 videntur
