<?xml version="1.0" encoding="UTF-8"?>
<!DOCTYPE html PUBLIC "-//W3C//DTD XHTML 1.0 Transitional//EN"
    "http://www.w3.org/TR/xhtml1/DTD/xhtml1-transitional.dtd">
<html xmlns="http://www.w3.org/1999/xhtml" xml:lang="en" lang="en">
 <head>
  <title>
</title>
<meta http-equiv="Content-Type" content="text/html;charset=utf-8" />
  <meta name='ocr-system' content='tesseract 3.04.00' />
  <meta name='ocr-capabilities' content='ocr_page ocr_carea ocr_par ocr_line ocrx_word'/>
</head>
<body>
  <div class='ocr_page' id='page_1' title='image "4626077_0016.png"; bbox 0 0 2067 3311; ppageno 0'>
   <div class='ocr_carea' id='block_1_1' title="bbox 897 191 1186 237">
    <p class='ocr_par' dir='ltr' id='par_1_1' title="bbox 897 191 1186 237">
     <span class='ocr_line' id='line_1_1' title="bbox 897 191 1186 237; baseline 0.003 -12"><span class='ocrx_word' id='word_1_1' title='bbox 897 191 1186 237; x_wconf 80' lang='grc'><strong>-10...</strong></span> 
     </span>
    </p>
   </div>
   <div class='ocr_carea' id='block_1_2' title="bbox 252 312 1821 2021">
    <p class='ocr_par' dir='ltr' id='par_1_2' title="bbox 264 312 1821 422">
     <span class='ocr_line' id='line_1_2' title="bbox 267 312 1821 369; baseline 0.002 -15"><span class='ocrx_word' id='word_1_2' title='bbox 267 312 411 368; x_wconf 88' lang='lat' dir='ltr'><strong>logum</strong></span> <span class='ocrx_word' id='word_1_3' title='bbox 450 326 620 369; x_wconf 92' lang='lat' dir='ltr'><strong>quoque</strong></span> <span class='ocrx_word' id='word_1_4' title='bbox 650 313 832 356; x_wconf 89' lang='lat' dir='ltr'><strong>scribere</strong></span> <span class='ocrx_word' id='word_1_5' title='bbox 863 326 969 369; x_wconf 92' lang='lat' dir='ltr'><strong>opus</strong></span> <span class='ocrx_word' id='word_1_6' title='bbox 999 326 1102 367; x_wconf 87' lang='lat' dir='ltr'><strong>esse,</strong></span> <span class='ocrx_word' id='word_1_7' title='bbox 1139 327 1220 355; x_wconf 91' lang='lat' dir='ltr'><strong>non</strong></span> <span class='ocrx_word' id='word_1_8' title='bbox 1254 317 1301 356; x_wconf 89' lang='lat' dir='ltr'><strong>ut</strong></span> <span class='ocrx_word' id='word_1_9' title='bbox 1331 318 1623 369; x_wconf 82' lang='lat' dir='ltr'><strong>argumentum</strong></span> <span class='ocrx_word' id='word_1_10' title='bbox 1654 315 1821 358; x_wconf 85' lang='lat' dir='ltr'><strong>fabulae</strong></span> 
     </span>
     <span class='ocr_line' id='line_1_3' title="bbox 264 372 1500 422; baseline 0.002 -9"><span class='ocrx_word' id='word_1_11' title='bbox 264 375 417 422; x_wconf 88' lang='lat' dir='ltr'><strong>narret,</strong></span> <span class='ocrx_word' id='word_1_12' title='bbox 449 372 521 413; x_wconf 90' lang='lat' dir='ltr'><strong>sed</strong></span> <span class='ocrx_word' id='word_1_13' title='bbox 553 377 601 415; x_wconf 90' lang='lat' dir='ltr'><strong>ut</strong></span> <span class='ocrx_word' id='word_1_14' title='bbox 631 373 966 415; x_wconf 87' lang='lat' dir='ltr'><strong>adversariorum</strong></span> <span class='ocrx_word' id='word_1_15' title='bbox 997 374 1308 416; x_wconf 83' lang='lat' dir='ltr'><strong>criminationes</strong></span> <span class='ocrx_word' id='word_1_16' title='bbox 1338 373 1500 415; x_wconf 84' lang='lat' dir='ltr'><strong>refutet.</strong></span> 
     </span>
    </p>

    <p class='ocr_par' dir='ltr' id='par_1_3' title="bbox 259 430 1819 959">
     <span class='ocr_line' id='line_1_4' title="bbox 381 430 1818 487; baseline 0.002 -16"><span class='ocrx_word' id='word_1_17' title='bbox 381 430 602 474; x_wconf 86' lang='lat' dir='ltr'><strong>Terentius</strong></span> <span class='ocrx_word' id='word_1_18' title='bbox 631 432 762 486; x_wconf 89' lang='lat' dir='ltr'><strong>igitur</strong></span> <span class='ocrx_word' id='word_1_19' title='bbox 792 431 902 474; x_wconf 88' lang='lat' dir='ltr'><strong>solas</strong></span> <span class='ocrx_word' id='word_1_20' title='bbox 931 430 1094 473; x_wconf 87' lang='lat' dir='ltr'><strong>fabulas</strong></span> <span class='ocrx_word' id='word_1_21' title='bbox 1125 431 1308 487; x_wconf 89' lang='lat' dir='ltr'><strong>prologis</strong></span> <span class='ocrx_word' id='word_1_22' title='bbox 1338 445 1424 474; x_wconf 88' lang='lat' dir='ltr'><strong>non</strong></span> <span class='ocrx_word' id='word_1_23' title='bbox 1455 432 1693 487; x_wconf 85' lang='lat' dir='ltr'><strong>praemissis</strong></span> <span class='ocrx_word' id='word_1_24' title='bbox 1717 434 1818 475; x_wconf 86' lang='lat' dir='ltr'><strong>scri-</strong></span> 
     </span>
     <span class='ocr_line' id='line_1_5' title="bbox 264 488 1819 546; baseline 0.003 -16"><span class='ocrx_word' id='word_1_25' title='bbox 264 489 362 531; x_wconf 88' lang='lat' dir='ltr'><strong>bere</strong></span> <span class='ocrx_word' id='word_1_26' title='bbox 393 489 473 532; x_wconf 87' lang='lat' dir='ltr'><strong>sibi</strong></span> <span class='ocrx_word' id='word_1_27' title='bbox 504 494 785 546; x_wconf 84' lang='lat' dir='ltr'><strong>proposuerat.</strong></span> <span class='ocrx_word' id='word_1_28' title='bbox 832 490 958 532; x_wconf 91' lang='lat' dir='ltr'><strong>Nunc</strong></span> <span class='ocrx_word' id='word_1_29' title='bbox 988 488 1140 532; x_wconf 75' lang='lat' dir='ltr'><strong>tamen&#39;</strong></span> <span class='ocrx_word' id='word_1_30' title='bbox 1158 491 1322 546; x_wconf 90' lang='lat' dir='ltr'><strong>cogitur</strong></span> <span class='ocrx_word' id='word_1_31' title='bbox 1352 492 1474 533; x_wconf 88' lang='lat' dir='ltr'><strong>etiam</strong></span> <span class='ocrx_word' id='word_1_32' title='bbox 1500 490 1695 546; x_wconf 88' lang='lat' dir='ltr'><strong>prologos</strong></span> <span class='ocrx_word' id='word_1_33' title='bbox 1718 492 1819 534; x_wconf 89' lang='lat' dir='ltr'><strong>scri-</strong></span> 
     </span>
     <span class='ocr_line' id='line_1_6' title="bbox 262 548 1815 605; baseline 0.003 -16"><span class='ocrx_word' id='word_1_34' title='bbox 262 548 381 600; x_wconf 90' lang='lat' dir='ltr'><strong>bere,</strong></span> <span class='ocrx_word' id='word_1_35' title='bbox 420 550 575 603; x_wconf 89' lang='lat' dir='ltr'><strong>quibus</strong></span> <span class='ocrx_word' id='word_1_36' title='bbox 607 550 758 592; x_wconf 81' lang='lat' dir='ltr'><strong>veteris</strong></span> <span class='ocrx_word' id='word_1_37' title='bbox 789 554 934 605; x_wconf 81' lang='lat' dir='ltr'><strong>poetae</strong></span> <span class='ocrx_word' id='word_1_38' title='bbox 964 549 1196 591; x_wconf 76' lang='lat' dir='ltr'><strong>maledictis</strong></span> <span class='ocrx_word' id='word_1_39' title='bbox 1226 550 1482 605; x_wconf 83' lang='lat' dir='ltr'><strong>respondeat.</strong></span> <span class='ocrx_word' id='word_1_40' title='bbox 1542 549 1647 592; x_wconf 89' lang='lat' dir='ltr'><strong>Inde</strong></span> <span class='ocrx_word' id='word_1_41' title='bbox 1677 554 1815 593; x_wconf 87' lang='lat' dir='ltr'><strong>autem</strong></span> 
     </span>
     <span class='ocr_line' id='line_1_7' title="bbox 264 608 1818 665; baseline 0.002 -17"><span class='ocrx_word' id='word_1_42' title='bbox 264 608 377 662; x_wconf 91' lang='lat' dir='ltr'><strong>quod</strong></span> <span class='ocrx_word' id='word_1_43' title='bbox 413 613 535 663; x_wconf 84' lang='lat' dir='ltr'><strong>poeta</strong></span> <span class='ocrx_word' id='word_1_44' title='bbox 566 609 795 664; x_wconf 87' lang='lat' dir='ltr'><strong>perspicuis</strong></span> <span class='ocrx_word' id='word_1_45' title='bbox 826 608 964 650; x_wconf 86' lang='lat' dir='ltr'><strong>verbis</strong></span> <span class='ocrx_word' id='word_1_46' title='bbox 995 608 1094 649; x_wconf 88' lang='lat' dir='ltr'><strong>dicit</strong></span> <span class='ocrx_word' id='word_1_47' title='bbox 1125 621 1170 650; x_wconf 91' lang='lat' dir='ltr'><strong>se</strong></span> <span class='ocrx_word' id='word_1_48' title='bbox 1200 609 1441 664; x_wconf 84' lang='lat' dir='ltr'><strong>intellegere</strong></span> <span class='ocrx_word' id='word_1_49' title='bbox 1470 610 1593 651; x_wconf 86' lang='lat' dir='ltr'><strong>etiam</strong></span> <span class='ocrx_word' id='word_1_50' title='bbox 1624 609 1818 665; x_wconf 87' lang='lat' dir='ltr'><strong>prologos</strong></span> 
     </span>
     <span class='ocr_line' id='line_1_8' title="bbox 261 666 1815 724; baseline 0.002 -16"><span class='ocrx_word' id='word_1_51' title='bbox 261 666 343 708; x_wconf 87' lang='lat' dir='ltr'><strong>sibi</strong></span> <span class='ocrx_word' id='word_1_52' title='bbox 374 666 616 710; x_wconf 88' lang='lat' dir='ltr'><strong>scribendos</strong></span> <span class='ocrx_word' id='word_1_53' title='bbox 639 680 742 721; x_wconf 89' lang='lat' dir='ltr'><strong>esse,</strong></span> <span class='ocrx_word' id='word_1_54' title='bbox 772 667 962 720; x_wconf 85' lang='lat' dir='ltr'><strong>efficitur,</strong></span> <span class='ocrx_word' id='word_1_55' title='bbox 994 671 1041 709; x_wconf 83' lang='lat' dir='ltr'><strong>ut</strong></span> <span class='ocrx_word' id='word_1_56' title='bbox 1063 671 1186 722; x_wconf 83' lang='lat' dir='ltr'><strong>poeta</strong></span> <span class='ocrx_word' id='word_1_57' title='bbox 1210 667 1374 710; x_wconf 90' lang='lat' dir='ltr'><strong>nullum</strong></span> <span class='ocrx_word' id='word_1_58' title='bbox 1401 668 1572 710; x_wconf 90' lang='lat' dir='ltr'><strong>omuino</strong></span> <span class='ocrx_word' id='word_1_59' title='bbox 1596 668 1815 724; x_wconf 80' lang='lat' dir='ltr'><strong>prologum</strong></span> 
     </span>
     <span class='ocr_line' id='line_1_9' title="bbox 262 726 1817 783; baseline 0.002 -16"><span class='ocrx_word' id='word_1_60' title='bbox 262 738 397 781; x_wconf 89' lang='lat' dir='ltr'><strong>usque</strong></span> <span class='ocrx_word' id='word_1_61' title='bbox 427 727 480 768; x_wconf 85' lang='lat' dir='ltr'><strong>ad</strong></span> <span class='ocrx_word' id='word_1_62' title='bbox 511 726 617 769; x_wconf 91' lang='lat' dir='ltr'><strong>illud</strong></span> <span class='ocrx_word' id='word_1_63' title='bbox 648 731 813 782; x_wconf 88' lang='lat' dir='ltr'><strong>tempus</strong></span> <span class='ocrx_word' id='word_1_64' title='bbox 843 728 1134 781; x_wconf 82' lang='lat' dir='ltr'><strong>composuerit,</strong></span> <span class='ocrx_word' id='word_1_65' title='bbox 1166 729 1215 768; x_wconf 92' lang='lat' dir='ltr'><strong>ut</strong></span> <span class='ocrx_word' id='word_1_66' title='bbox 1245 728 1374 781; x_wconf 88' lang='lat' dir='ltr'><strong>igitur</strong></span> <span class='ocrx_word' id='word_1_67' title='bbox 1403 727 1590 769; x_wconf 88' lang='lat' dir='ltr'><strong>Andriae</strong></span> <span class='ocrx_word' id='word_1_68' title='bbox 1619 727 1817 783; x_wconf 88' lang='lat' dir='ltr'><strong>prologus</strong></span> 
     </span>
     <span class='ocr_line' id='line_1_10' title="bbox 260 784 1817 843; baseline 0.001 -16"><span class='ocrx_word' id='word_1_69' title='bbox 260 785 423 841; x_wconf 89' lang='lat' dir='ltr'><strong>primus</strong></span> <span class='ocrx_word' id='word_1_70' title='bbox 459 786 631 828; x_wconf 89' lang='lat' dir='ltr'><strong>omnino</strong></span> <span class='ocrx_word' id='word_1_71' title='bbox 667 786 858 828; x_wconf 90' lang='lat' dir='ltr'><strong>omnium</strong></span> <span class='ocrx_word' id='word_1_72' title='bbox 894 785 1162 842; x_wconf 88' lang='lat' dir='ltr'><strong>prologorum</strong></span> <span class='ocrx_word' id='word_1_73' title='bbox 1191 784 1539 828; x_wconf 82' lang='lat' dir='ltr'><strong>Terentianorum</strong></span> <span class='ocrx_word' id='word_1_74' title='bbox 1568 787 1640 839; x_wconf 89' lang='lat' dir='ltr'><strong>sit;</strong></span> <span class='ocrx_word' id='word_1_75' title='bbox 1678 799 1817 843; x_wconf 90' lang='lat' dir='ltr'><strong>neque</strong></span> 
     </span>
     <span class='ocr_line' id='line_1_11' title="bbox 261 844 1815 901; baseline 0.002 -16"><span class='ocrx_word' id='word_1_76' title='bbox 261 846 372 886; x_wconf 89' lang='lat' dir='ltr'><strong>enim</strong></span> <span class='ocrx_word' id='word_1_77' title='bbox 409 844 500 887; x_wconf 87' lang='lat' dir='ltr'><strong>fieri</strong></span> <span class='ocrx_word' id='word_1_78' title='bbox 537 849 689 900; x_wconf 87' lang='lat' dir='ltr'><strong>potest,</strong></span> <span class='ocrx_word' id='word_1_79' title='bbox 726 850 773 887; x_wconf 87' lang='lat' dir='ltr'><strong>ut</strong></span> <span class='ocrx_word' id='word_1_80' title='bbox 803 850 924 900; x_wconf 86' lang='lat' dir='ltr'><strong>poeta</strong></span> <span class='ocrx_word' id='word_1_81' title='bbox 953 848 1174 900; x_wconf 79' lang='lat' dir='ltr'><strong>postquam</strong></span> <span class='ocrx_word' id='word_1_82' title='bbox 1205 844 1440 901; x_wconf 86' lang='lat' dir='ltr'><strong>complures</strong></span> <span class='ocrx_word' id='word_1_83' title='bbox 1470 848 1592 887; x_wconf 84' lang='lat' dir='ltr'><strong>antea</strong></span> <span class='ocrx_word' id='word_1_84' title='bbox 1620 846 1815 901; x_wconf 84' lang='lat' dir='ltr'><strong>prologos</strong></span> 
     </span>
     <span class='ocr_line' id='line_1_12' title="bbox 259 904 1815 959; baseline 0.001 -15"><span class='ocrx_word' id='word_1_85' title='bbox 259 905 504 958; x_wconf 86' lang='lat' dir='ltr'><strong>composuit,</strong></span> <span class='ocrx_word' id='word_1_86' title='bbox 525 916 573 945; x_wconf 87' lang='lat' dir='ltr'><strong>ea</strong></span> <span class='ocrx_word' id='word_1_87' title='bbox 591 904 717 946; x_wconf 85' lang='lat' dir='ltr'><strong>verba</strong></span> <span class='ocrx_word' id='word_1_88' title='bbox 733 905 845 946; x_wconf 86' lang='lat' dir='ltr'><strong>dicat</strong></span> <span class='ocrx_word' id='word_1_89' title='bbox 861 916 969 959; x_wconf 89' lang='lat' dir='ltr'><strong>quae</strong></span> <span class='ocrx_word' id='word_1_90' title='bbox 985 904 1092 945; x_wconf 79' lang='lat' dir='ltr'><strong>dixit</strong></span> <span class='ocrx_word' id='word_1_91' title='bbox 1107 904 1151 945; x_wconf 91' lang='lat' dir='ltr'><strong>in</strong></span> <span class='ocrx_word' id='word_1_92' title='bbox 1169 904 1355 945; x_wconf 89' lang='lat' dir='ltr'><strong>Andriae</strong></span> <span class='ocrx_word' id='word_1_93' title='bbox 1370 904 1532 959; x_wconf 86' lang='lat' dir='ltr'><strong>prologi</strong></span> <span class='ocrx_word' id='word_1_94' title='bbox 1547 916 1615 946; x_wconf 84' lang='lat' dir='ltr'><strong>vv.</strong></span> <span class='ocrx_word' id='word_1_95' title='bbox 1636 905 1815 957; x_wconf 83' lang='lat'><strong>1—7.1⁷)</strong></span> 
     </span>
    </p>

    <p class='ocr_par' dir='ltr' id='par_1_4' title="bbox 252 961 1816 1963">
     <span class='ocr_line' id='line_1_13' title="bbox 380 961 1816 1018; baseline 0.001 -14"><span class='ocrx_word' id='word_1_96' title='bbox 380 961 546 1005; x_wconf 84' lang='lat' dir='ltr'><strong>Dixerit</strong></span> <span class='ocrx_word' id='word_1_97' title='bbox 578 964 673 1018; x_wconf 87' lang='lat' dir='ltr'><strong>quis</strong></span> <span class='ocrx_word' id='word_1_98' title='bbox 704 976 758 1004; x_wconf 87' lang='lat' dir='ltr'><strong>cx</strong></span> <span class='ocrx_word' id='word_1_99' title='bbox 789 976 916 1005; x_wconf 84' lang='lat' dir='ltr'><strong>versu</strong></span> <span class='ocrx_word' id='word_1_100' title='bbox 943 963 968 1003; x_wconf 89' lang='lat'><strong>6</strong></span> <span class='ocrx_word' id='word_1_101' title='bbox 994 963 1037 1004; x_wconf 93' lang='lat' dir='ltr'><strong>id</strong></span> <span class='ocrx_word' id='word_1_102' title='bbox 1062 963 1198 1005; x_wconf 90' lang='lat' dir='ltr'><strong>solum</strong></span> <span class='ocrx_word' id='word_1_103' title='bbox 1224 975 1422 1018; x_wconf 88' lang='lat' dir='ltr'><strong>apparere</strong></span> <span class='ocrx_word' id='word_1_104' title='bbox 1445 962 1688 1005; x_wconf 89' lang='lat' dir='ltr'><strong>Terentium</strong></span> <span class='ocrx_word' id='word_1_105' title='bbox 1713 963 1816 1006; x_wconf 75' lang='lat' dir='ltr'><strong>talos</strong></span> 
     </span>
     <span class='ocr_line' id='line_1_14' title="bbox 259 1021 1814 1078; baseline 0.001 -15"><span class='ocrx_word' id='word_1_106' title='bbox 259 1021 453 1077; x_wconf 89' lang='lat' dir='ltr'><strong>prologos</strong></span> <span class='ocrx_word' id='word_1_107' title='bbox 484 1035 620 1078; x_wconf 90' lang='lat' dir='ltr'><strong>usque</strong></span> <span class='ocrx_word' id='word_1_108' title='bbox 650 1022 702 1064; x_wconf 85' lang='lat' dir='ltr'><strong>ad</strong></span> <span class='ocrx_word' id='word_1_109' title='bbox 728 1023 833 1064; x_wconf 89' lang='lat' dir='ltr'><strong>illud</strong></span> <span class='ocrx_word' id='word_1_110' title='bbox 858 1026 1022 1078; x_wconf 87' lang='lat' dir='ltr'><strong>tempus</strong></span> <span class='ocrx_word' id='word_1_111' title='bbox 1047 1034 1131 1064; x_wconf 89' lang='lat' dir='ltr'><strong>non</strong></span> <span class='ocrx_word' id='word_1_112' title='bbox 1157 1022 1451 1077; x_wconf 84' lang='lat' dir='ltr'><strong>composuisse,</strong></span> <span class='ocrx_word' id='word_1_113' title='bbox 1482 1022 1636 1077; x_wconf 87' lang='lat' dir='ltr'><strong>quibus</strong></span> <span class='ocrx_word' id='word_1_114' title='bbox 1661 1023 1814 1064; x_wconf 87' lang='lat' dir='ltr'><strong>veteris</strong></span> 
     </span>
     <span class='ocr_line' id='line_1_15' title="bbox 258 1081 1815 1137; baseline 0.001 -15"><span class='ocrx_word' id='word_1_115' title='bbox 258 1085 405 1136; x_wconf 85' lang='lat' dir='ltr'><strong>poetae</strong></span> <span class='ocrx_word' id='word_1_116' title='bbox 435 1081 667 1124; x_wconf 87' lang='lat' dir='ltr'><strong>maledictis</strong></span> <span class='ocrx_word' id='word_1_117' title='bbox 696 1081 977 1137; x_wconf 89' lang='lat' dir='ltr'><strong>responderet,</strong></span> <span class='ocrx_word' id='word_1_118' title='bbox 1007 1094 1104 1123; x_wconf 91' lang='lat' dir='ltr'><strong>eum</strong></span> <span class='ocrx_word' id='word_1_119' title='bbox 1136 1094 1235 1123; x_wconf 86' lang='lat' dir='ltr'><strong>vero</strong></span> <span class='ocrx_word' id='word_1_120' title='bbox 1266 1084 1389 1123; x_wconf 83' lang='lat' dir='ltr'><strong>antea</strong></span> <span class='ocrx_word' id='word_1_121' title='bbox 1418 1081 1623 1137; x_wconf 88' lang='lat' dir='ltr'><strong>prologos,</strong></span> <span class='ocrx_word' id='word_1_122' title='bbox 1660 1081 1815 1136; x_wconf 90' lang='lat' dir='ltr'><strong>quibus</strong></span> 
     </span>
     <span class='ocr_line' id='line_1_16' title="bbox 259 1140 1814 1196; baseline 0.001 -15"><span class='ocrx_word' id='word_1_123' title='bbox 259 1146 553 1194; x_wconf 83' lang='lat' dir='ltr'><strong>argumentum</strong></span> <span class='ocrx_word' id='word_1_124' title='bbox 575 1147 799 1192; x_wconf 88' lang='lat' dir='ltr'><strong>enarraret,</strong></span> <span class='ocrx_word' id='word_1_125' title='bbox 820 1141 1000 1183; x_wconf 89' lang='lat' dir='ltr'><strong>scribere</strong></span> <span class='ocrx_word' id='word_1_126' title='bbox 1020 1141 1223 1196; x_wconf 89' lang='lat' dir='ltr'><strong>potuisse;</strong></span> <span class='ocrx_word' id='word_1_127' title='bbox 1248 1153 1301 1182; x_wconf 90' lang='lat' dir='ltr'><strong>ne</strong></span> <span class='ocrx_word' id='word_1_128' title='bbox 1322 1140 1399 1182; x_wconf 89' lang='lat' dir='ltr'><strong>hac</strong></span> <span class='ocrx_word' id='word_1_129' title='bbox 1420 1140 1589 1196; x_wconf 91' lang='lat' dir='ltr'><strong>quidem</strong></span> <span class='ocrx_word' id='word_1_130' title='bbox 1608 1142 1814 1183; x_wconf 81' lang='lat' dir='ltr'><strong>sententia</strong></span> 
     </span>
     <span class='ocr_line' id='line_1_17' title="bbox 260 1198 1814 1255; baseline 0.001 -14"><span class='ocrx_word' id='word_1_131' title='bbox 260 1200 486 1254; x_wconf 86' lang='lat' dir='ltr'><strong>quicquam</strong></span> <span class='ocrx_word' id='word_1_132' title='bbox 525 1204 724 1241; x_wconf 86' lang='lat' dir='ltr'><strong>mutatur.</strong></span> <span class='ocrx_word' id='word_1_133' title='bbox 787 1199 892 1241; x_wconf 87' lang='lat' dir='ltr'><strong>Cum</strong></span> <span class='ocrx_word' id='word_1_134' title='bbox 930 1200 1044 1241; x_wconf 85' lang='lat' dir='ltr'><strong>enim</strong></span> <span class='ocrx_word' id='word_1_135' title='bbox 1081 1212 1225 1242; x_wconf 90' lang='lat' dir='ltr'><strong>omnes</strong></span> <span class='ocrx_word' id='word_1_136' title='bbox 1263 1212 1368 1254; x_wconf 90' lang='lat' dir='ltr'><strong>quos</strong></span> <span class='ocrx_word' id='word_1_137' title='bbox 1398 1198 1618 1253; x_wconf 84' lang='lat' dir='ltr'><strong>habemus,</strong></span> <span class='ocrx_word' id='word_1_138' title='bbox 1654 1199 1814 1255; x_wconf 91' lang='lat' dir='ltr'><strong>prologi</strong></span> 
     </span>
     <span class='ocr_line' id='line_1_18' title="bbox 256 1258 1814 1314; baseline 0.001 -15"><span class='ocrx_word' id='word_1_139' title='bbox 256 1258 494 1300; x_wconf 86' lang='lat' dir='ltr'><strong>Terentiani</strong></span> <span class='ocrx_word' id='word_1_140' title='bbox 526 1259 763 1314; x_wconf 85' lang='lat' dir='ltr'><strong>argumenti</strong></span> <span class='ocrx_word' id='word_1_141' title='bbox 795 1259 1074 1299; x_wconf 88' lang='lat' dir='ltr'><strong>narrationem</strong></span> <span class='ocrx_word' id='word_1_142' title='bbox 1107 1271 1192 1299; x_wconf 90' lang='lat' dir='ltr'><strong>non</strong></span> <span class='ocrx_word' id='word_1_143' title='bbox 1223 1259 1475 1311; x_wconf 88' lang='lat' dir='ltr'><strong>contineant,</strong></span> <span class='ocrx_word' id='word_1_144' title='bbox 1505 1258 1578 1300; x_wconf 88' lang='lat' dir='ltr'><strong>sed</strong></span> <span class='ocrx_word' id='word_1_145' title='bbox 1603 1263 1749 1313; x_wconf 89' lang='lat' dir='ltr'><strong>poetae</strong></span> <span class='ocrx_word' id='word_1_146' title='bbox 1772 1264 1814 1301; x_wconf 90' lang='lat' dir='ltr'><strong>et</strong></span> 
     </span>
     <span class='ocr_line' id='line_1_19' title="bbox 258 1316 1814 1372; baseline 0.001 -14"><span class='ocrx_word' id='word_1_147' title='bbox 258 1318 549 1359; x_wconf 85' lang='lat' dir='ltr'><strong>excusationes</strong></span> <span class='ocrx_word' id='word_1_148' title='bbox 580 1322 621 1359; x_wconf 90' lang='lat' dir='ltr'><strong>et</strong></span> <span class='ocrx_word' id='word_1_149' title='bbox 645 1318 968 1370; x_wconf 87' lang='lat' dir='ltr'><strong>criminationes,</strong></span> <span class='ocrx_word' id='word_1_150' title='bbox 999 1317 1202 1371; x_wconf 85' lang='lat' dir='ltr'><strong>sequitur,</strong></span> <span class='ocrx_word' id='word_1_151' title='bbox 1234 1320 1280 1358; x_wconf 90' lang='lat' dir='ltr'><strong>ut</strong></span> <span class='ocrx_word' id='word_1_152' title='bbox 1306 1317 1372 1359; x_wconf 89' lang='lat' dir='ltr'><strong>hic</strong></span> <span class='ocrx_word' id='word_1_153' title='bbox 1395 1316 1581 1359; x_wconf 85' lang='lat' dir='ltr'><strong>Andriae</strong></span> <span class='ocrx_word' id='word_1_154' title='bbox 1605 1317 1814 1372; x_wconf 85' lang='lat' dir='ltr'><strong>prologus,</strong></span> 
     </span>
     <span class='ocr_line' id='line_1_20' title="bbox 257 1375 1813 1431; baseline 0.001 -14"><span class='ocrx_word' id='word_1_155' title='bbox 257 1377 379 1417; x_wconf 92' lang='lat' dir='ltr'><strong>cuius</strong></span> <span class='ocrx_word' id='word_1_156' title='bbox 409 1377 454 1417; x_wconf 94' lang='lat' dir='ltr'><strong>in</strong></span> <span class='ocrx_word' id='word_1_157' title='bbox 486 1375 607 1418; x_wconf 83' lang='lat' dir='ltr'><strong>initio</strong></span> <span class='ocrx_word' id='word_1_158' title='bbox 639 1389 684 1417; x_wconf 89' lang='lat' dir='ltr'><strong>se</strong></span> <span class='ocrx_word' id='word_1_159' title='bbox 716 1381 1009 1430; x_wconf 86' lang='lat' dir='ltr'><strong>argumentum</strong></span> <span class='ocrx_word' id='word_1_160' title='bbox 1044 1388 1126 1418; x_wconf 91' lang='lat' dir='ltr'><strong>non</strong></span> <span class='ocrx_word' id='word_1_161' title='bbox 1159 1381 1441 1427; x_wconf 84' lang='lat' dir='ltr'><strong>narraturum,</strong></span> <span class='ocrx_word' id='word_1_162' title='bbox 1473 1376 1546 1417; x_wconf 89' lang='lat' dir='ltr'><strong>sed</strong></span> <span class='ocrx_word' id='word_1_163' title='bbox 1570 1376 1813 1431; x_wconf 88' lang='lat' dir='ltr'><strong>iniquorum</strong></span> 
     </span>
     <span class='ocr_line' id='line_1_21' title="bbox 257 1434 1812 1490; baseline 0.001 -14"><span class='ocrx_word' id='word_1_164' title='bbox 257 1436 434 1477; x_wconf 89' lang='lat' dir='ltr'><strong>crimina</strong></span> <span class='ocrx_word' id='word_1_165' title='bbox 465 1436 718 1477; x_wconf 88' lang='lat' dir='ltr'><strong>reiecturum</strong></span> <span class='ocrx_word' id='word_1_166' title='bbox 746 1448 835 1477; x_wconf 88' lang='lat' dir='ltr'><strong>esse</strong></span> <span class='ocrx_word' id='word_1_167' title='bbox 859 1434 984 1490; x_wconf 87' lang='lat' dir='ltr'><strong>plane</strong></span> <span class='ocrx_word' id='word_1_168' title='bbox 1011 1434 1122 1488; x_wconf 89' lang='lat' dir='ltr'><strong>dicit,</strong></span> <span class='ocrx_word' id='word_1_169' title='bbox 1152 1439 1249 1476; x_wconf 87' lang='lat' dir='ltr'><strong>ante</strong></span> <span class='ocrx_word' id='word_1_170' title='bbox 1274 1446 1418 1476; x_wconf 91' lang='lat' dir='ltr'><strong>omnes</strong></span> <span class='ocrx_word' id='word_1_171' title='bbox 1443 1446 1526 1488; x_wconf 89' lang='lat' dir='ltr'><strong>eos,</strong></span> <span class='ocrx_word' id='word_1_172' title='bbox 1557 1447 1663 1490; x_wconf 89' lang='lat' dir='ltr'><strong>quos</strong></span> <span class='ocrx_word' id='word_1_173' title='bbox 1687 1434 1812 1477; x_wconf 83' lang='lat' dir='ltr'><strong>habe-</strong></span> 
     </span>
     <span class='ocr_line' id='line_1_22' title="bbox 256 1493 1811 1550; baseline -0.001 -14"><span class='ocrx_word' id='word_1_174' title='bbox 256 1507 369 1548; x_wconf 89' lang='lat' dir='ltr'><strong>mus,</strong></span> <span class='ocrx_word' id='word_1_175' title='bbox 407 1495 601 1549; x_wconf 88' lang='lat' dir='ltr'><strong>prologos</strong></span> <span class='ocrx_word' id='word_1_176' title='bbox 637 1495 818 1550; x_wconf 87' lang='lat' dir='ltr'><strong>scriptus</strong></span> <span class='ocrx_word' id='word_1_177' title='bbox 854 1495 917 1536; x_wconf 89' lang='lat' dir='ltr'><strong>sit.</strong></span> <span class='ocrx_word' id='word_1_178' title='bbox 980 1493 1110 1536; x_wconf 89' lang='lat' dir='ltr'><strong>Porro</strong></span> <span class='ocrx_word' id='word_1_179' title='bbox 1147 1506 1243 1535; x_wconf 91' lang='lat' dir='ltr'><strong>cum</strong></span> <span class='ocrx_word' id='word_1_180' title='bbox 1280 1495 1324 1535; x_wconf 91' lang='lat' dir='ltr'><strong>in</strong></span> <span class='ocrx_word' id='word_1_181' title='bbox 1356 1494 1546 1536; x_wconf 90' lang='lat' dir='ltr'><strong>omnium</strong></span> <span class='ocrx_word' id='word_1_182' title='bbox 1575 1493 1811 1536; x_wconf 80' lang='lat' dir='ltr'><strong>fabularum</strong></span> 
     </span>
     <span class='ocr_line' id='line_1_23' title="bbox 256 1553 1811 1609; baseline 0 -14"><span class='ocrx_word' id='word_1_183' title='bbox 256 1554 393 1609; x_wconf 89' lang='lat' dir='ltr'><strong>prima</strong></span> <span class='ocrx_word' id='word_1_184' title='bbox 414 1566 576 1609; x_wconf 87' lang='lat' dir='ltr'><strong>scaena,</strong></span> <span class='ocrx_word' id='word_1_185' title='bbox 598 1566 706 1609; x_wconf 89' lang='lat' dir='ltr'><strong>quae</strong></span> <span class='ocrx_word' id='word_1_186' title='bbox 726 1554 779 1595; x_wconf 91' lang='lat' dir='ltr'><strong>ad</strong></span> <span class='ocrx_word' id='word_1_187' title='bbox 799 1553 984 1595; x_wconf 81' lang='lat' dir='ltr'><strong>fabulam</strong></span> <span class='ocrx_word' id='word_1_188' title='bbox 1005 1553 1311 1609; x_wconf 82' lang='lat' dir='ltr'><strong>percipiendam</strong></span> <span class='ocrx_word' id='word_1_189' title='bbox 1334 1565 1439 1608; x_wconf 90' lang='lat' dir='ltr'><strong>opus</strong></span> <span class='ocrx_word' id='word_1_190' title='bbox 1459 1553 1544 1594; x_wconf 88' lang='lat' dir='ltr'><strong>sint</strong></span> <span class='ocrx_word' id='word_1_191' title='bbox 1564 1553 1617 1606; x_wconf 85' lang='lat' dir='ltr'><strong>(h.</strong></span> <span class='ocrx_word' id='word_1_192' title='bbox 1634 1565 1667 1595; x_wconf 90' lang='lat' dir='ltr'><strong>e.</strong></span> <span class='ocrx_word' id='word_1_193' title='bbox 1689 1566 1811 1609; x_wconf 88' lang='lat' dir='ltr'><strong>argu-</strong></span> 
     </span>
     <span class='ocr_line' id='line_1_24' title="bbox 254 1611 1811 1668; baseline 0.001 -13"><span class='ocrx_word' id='word_1_194' title='bbox 254 1614 462 1666; x_wconf 91' lang='lat' dir='ltr'><strong>mentum)</strong></span> <span class='ocrx_word' id='word_1_195' title='bbox 493 1614 771 1665; x_wconf 80' lang='lat' dir='ltr'><strong>narrentur¹⁸)</strong></span> <span class='ocrx_word' id='word_1_196' title='bbox 802 1613 915 1655; x_wconf 93' lang='lat' dir='ltr'><strong>unde</strong></span> <span class='ocrx_word' id='word_1_197' title='bbox 940 1613 1145 1655; x_wconf 91' lang='lat' dir='ltr'><strong>eiusmodi</strong></span> <span class='ocrx_word' id='word_1_198' title='bbox 1169 1612 1386 1668; x_wconf 89' lang='lat' dir='ltr'><strong>prologum</strong></span> <span class='ocrx_word' id='word_1_199' title='bbox 1413 1612 1487 1654; x_wconf 89' lang='lat' dir='ltr'><strong>has</strong></span> <span class='ocrx_word' id='word_1_200' title='bbox 1510 1611 1673 1655; x_wconf 86' lang='lat' dir='ltr'><strong>fabulas</strong></span> <span class='ocrx_word' id='word_1_201' title='bbox 1697 1616 1811 1656; x_wconf 87' lang='lat' dir='ltr'><strong>ante-</strong></span> 
     </span>
     <span class='ocr_line' id='line_1_25' title="bbox 254 1672 1812 1727; baseline 0.001 -13"><span class='ocrx_word' id='word_1_202' title='bbox 254 1672 401 1714; x_wconf 86' lang='lat' dir='ltr'><strong>cedere</strong></span> <span class='ocrx_word' id='word_1_203' title='bbox 446 1685 584 1727; x_wconf 87' lang='lat' dir='ltr'><strong>neque</strong></span> <span class='ocrx_word' id='word_1_204' title='bbox 621 1672 816 1714; x_wconf 88' lang='lat' dir='ltr'><strong>debuisse</strong></span> <span class='ocrx_word' id='word_1_205' title='bbox 851 1673 1210 1727; x_wconf 85' lang='lat' dir='ltr'><strong>neque-potuisse</strong></span> <span class='ocrx_word' id='word_1_206' title='bbox 1246 1676 1415 1726; x_wconf 87' lang='lat' dir='ltr'><strong>apparet</strong></span> <span class='ocrx_word' id='word_1_207' title='bbox 1449 1685 1631 1727; x_wconf 92' lang='lat' dir='ltr'><strong>cumque</strong></span> <span class='ocrx_word' id='word_1_208' title='bbox 1667 1685 1812 1715; x_wconf 90' lang='lat' dir='ltr'><strong>omnes</strong></span> 
     </span>
     <span class='ocr_line' id='line_1_26' title="bbox 255 1729 1811 1786; baseline 0 -13"><span class='ocrx_word' id='word_1_209' title='bbox 255 1731 421 1773; x_wconf 88' lang='lat' dir='ltr'><strong>Terenti</strong></span> <span class='ocrx_word' id='word_1_210' title='bbox 467 1731 631 1774; x_wconf 83' lang='lat' dir='ltr'><strong>fabulas</strong></span> <span class='ocrx_word' id='word_1_211' title='bbox 673 1734 858 1773; x_wconf 84' lang='lat' dir='ltr'><strong>servatas</strong></span> <span class='ocrx_word' id='word_1_212' title='bbox 895 1743 986 1773; x_wconf 89' lang='lat' dir='ltr'><strong>esse</strong></span> <span class='ocrx_word' id='word_1_213' title='bbox 1022 1731 1221 1786; x_wconf 89' lang='lat' dir='ltr'><strong>sciamus,</strong></span> <span class='ocrx_word' id='word_1_214' title='bbox 1264 1730 1471 1785; x_wconf 90' lang='lat' dir='ltr'><strong>sequitur,</strong></span> <span class='ocrx_word' id='word_1_215' title='bbox 1512 1733 1561 1773; x_wconf 89' lang='lat' dir='ltr'><strong>ut</strong></span> <span class='ocrx_word' id='word_1_216' title='bbox 1594 1729 1811 1773; x_wconf 87' lang='lat' dir='ltr'><strong>Terentius</strong></span> 
     </span>
     <span class='ocr_line' id='line_1_27' title="bbox 260 1789 1811 1845; baseline 0.001 -14"><span class='ocrx_word' id='word_1_217' title='bbox 260 1790 466 1832; x_wconf 89' lang='lat' dir='ltr'><strong>eiusmodi</strong></span> <span class='ocrx_word' id='word_1_218' title='bbox 505 1791 700 1845; x_wconf 89' lang='lat' dir='ltr'><strong>prologos</strong></span> <span class='ocrx_word' id='word_1_219' title='bbox 741 1791 911 1831; x_wconf 90' lang='lat' dir='ltr'><strong>omnino</strong></span> <span class='ocrx_word' id='word_1_220' title='bbox 948 1803 1032 1832; x_wconf 91' lang='lat' dir='ltr'><strong>non</strong></span> <span class='ocrx_word' id='word_1_221' title='bbox 1071 1791 1298 1844; x_wconf 86' lang='lat' dir='ltr'><strong>scripserit:</strong></span> <span class='ocrx_word' id='word_1_222' title='bbox 1343 1789 1435 1831; x_wconf 87' lang='lat' dir='ltr'><strong>Hac</strong></span> <span class='ocrx_word' id='word_1_223' title='bbox 1472 1802 1639 1845; x_wconf 91' lang='lat' dir='ltr'><strong>quoque</strong></span> <span class='ocrx_word' id='word_1_224' title='bbox 1676 1803 1730 1832; x_wconf 85' lang='lat' dir='ltr'><strong>ex</strong></span> <span class='ocrx_word' id='word_1_225' title='bbox 1766 1803 1811 1833; x_wconf 90' lang='lat' dir='ltr'><strong>re</strong></span> 
     </span>
     <span class='ocr_line' id='line_1_28' title="bbox 253 1848 1810 1903; baseline 0.001 -14"><span class='ocrx_word' id='word_1_226' title='bbox 253 1849 524 1890; x_wconf 84' lang='lat' dir='ltr'><strong>manifestum</strong></span> <span class='ocrx_word' id='word_1_227' title='bbox 572 1853 634 1890; x_wconf 88' lang='lat' dir='ltr'><strong>est</strong></span> <span class='ocrx_word' id='word_1_228' title='bbox 676 1849 863 1889; x_wconf 87' lang='lat' dir='ltr'><strong>Andriae</strong></span> <span class='ocrx_word' id='word_1_229' title='bbox 908 1848 1129 1903; x_wconf 89' lang='lat' dir='ltr'><strong>prologum</strong></span> <span class='ocrx_word' id='word_1_230' title='bbox 1174 1849 1357 1902; x_wconf 87' lang='lat' dir='ltr'><strong>primum</strong></span> <span class='ocrx_word' id='word_1_231' title='bbox 1404 1850 1575 1890; x_wconf 89' lang='lat' dir='ltr'><strong>omnino</strong></span> <span class='ocrx_word' id='word_1_232' title='bbox 1621 1849 1810 1890; x_wconf 90' lang='lat' dir='ltr'><strong>omnium</strong></span> 
     </span>
     <span class='ocr_line' id='line_1_29' title="bbox 252 1907 889 1963; baseline 0 -14"><span class='ocrx_word' id='word_1_233' title='bbox 252 1907 420 1949; x_wconf 90' lang='lat' dir='ltr'><strong>Terenti</strong></span> <span class='ocrx_word' id='word_1_234' title='bbox 450 1907 718 1963; x_wconf 84' lang='lat' dir='ltr'><strong>prologorum</strong></span> <span class='ocrx_word' id='word_1_235' title='bbox 749 1908 889 1950; x_wconf 88' lang='lat' dir='ltr'><strong>fuisse.</strong></span> 
     </span>
    </p>

    <p class='ocr_par' dir='ltr' id='par_1_5' title="bbox 373 1966 1805 2021">
     <span class='ocr_line' id='line_1_30' title="bbox 373 1966 1805 2021; baseline 0.001 -14"><span class='ocrx_word' id='word_1_236' title='bbox 373 1969 410 2008; x_wconf 89' lang='lat'><strong>2.</strong></span> <span class='ocrx_word' id='word_1_237' title='bbox 449 1966 518 2008; x_wconf 86' lang='lat' dir='ltr'><strong>Ex</strong></span> <span class='ocrx_word' id='word_1_238' title='bbox 558 1967 1104 2009; x_wconf 77' lang='lat' dir='ltr'><strong>Heautontimorumeni</strong></span> <span class='ocrx_word' id='word_1_239' title='bbox 1142 1966 1312 2021; x_wconf 90' lang='lat' dir='ltr'><strong>prologo</strong></span> <span class='ocrx_word' id='word_1_240' title='bbox 1351 1966 1455 2008; x_wconf 87' lang='lat' dir='ltr'><strong>duas</strong></span> <span class='ocrx_word' id='word_1_241' title='bbox 1492 1979 1559 2008; x_wconf 90' lang='lat' dir='ltr'><strong>res</strong></span> <span class='ocrx_word' id='word_1_242' title='bbox 1589 1967 1805 2009; x_wconf 89' lang='lat' dir='ltr'><strong>discimus:</strong></span> 
     </span>
    </p>
   </div>
   <div class='ocr_carea' id='block_1_3' title="bbox 256 2025 1502 2141">
    <p class='ocr_par' dir='ltr' id='par_1_6' title="bbox 256 2025 1502 2141">
     <span class='ocr_line' id='line_1_31' title="bbox 256 2025 1059 2080; baseline 0 -14"><span class='ocrx_word' id='word_1_243' title='bbox 256 2025 395 2066; x_wconf 85' lang='lat' dir='ltr'><strong>Unam</strong></span> <span class='ocrx_word' id='word_1_244' title='bbox 427 2026 552 2067; x_wconf 86' lang='lat' dir='ltr'><strong>hanc:</strong></span> <span class='ocrx_word' id='word_1_245' title='bbox 585 2039 640 2067; x_wconf 81' lang='lat' dir='ltr'><strong>ex</strong></span> <span class='ocrx_word' id='word_1_246' title='bbox 671 2025 860 2067; x_wconf 88' lang='lat' dir='ltr'><strong>versibus</strong></span> <span class='ocrx_word' id='word_1_247' title='bbox 892 2027 946 2066; x_wconf 84' lang='lat'><strong>22</strong></span> <span class='ocrx_word' id='word_1_248' title='bbox 980 2038 1059 2080; x_wconf 90' lang='lat' dir='ltr'><strong>sq.:</strong></span> 
     </span>
     <span class='ocr_line' id='line_1_32' title="bbox 465 2084 1502 2141; baseline -0.002 -14"><span class='ocrx_word' id='word_1_249' title='bbox 465 2084 594 2139; x_wconf 83' lang='lat' dir='ltr'><strong>„Tum</strong></span> <span class='ocrx_word' id='word_1_250' title='bbox 627 2084 739 2141; x_wconf 92' lang='lat' dir='ltr'><strong>quod</strong></span> <span class='ocrx_word' id='word_1_251' title='bbox 771 2084 994 2126; x_wconf 90' lang='lat' dir='ltr'><strong>malivolus</strong></span> <span class='ocrx_word' id='word_1_252' title='bbox 1025 2087 1146 2127; x_wconf 88' lang='lat' dir='ltr'><strong>vetus</strong></span> <span class='ocrx_word' id='word_1_253' title='bbox 1176 2087 1298 2140; x_wconf 87' lang='lat' dir='ltr'><strong>poeta</strong></span> <span class='ocrx_word' id='word_1_254' title='bbox 1330 2084 1502 2139; x_wconf 87' lang='lat' dir='ltr'><strong>dictitat,</strong></span> 
     </span>
    </p>
   </div>
   <div class='ocr_carea' id='block_1_4' title="bbox 248 2144 1807 2319">
    <p class='ocr_par' dir='ltr' id='par_1_7' title="bbox 248 2144 1807 2319">
     <span class='ocr_line' id='line_1_33' title="bbox 463 2144 1740 2200; baseline -0.001 -14"><span class='ocrx_word' id='word_1_255' title='bbox 463 2144 684 2200; x_wconf 89' lang='lat' dir='ltr'><strong>Repente</strong></span> <span class='ocrx_word' id='word_1_256' title='bbox 715 2145 767 2185; x_wconf 85' lang='lat' dir='ltr'><strong>ad</strong></span> <span class='ocrx_word' id='word_1_257' title='bbox 798 2144 984 2186; x_wconf 90' lang='lat' dir='ltr'><strong>studium</strong></span> <span class='ocrx_word' id='word_1_258' title='bbox 1016 2145 1129 2185; x_wconf 88' lang='lat' dir='ltr'><strong>hunc</strong></span> <span class='ocrx_word' id='word_1_259' title='bbox 1159 2156 1204 2186; x_wconf 88' lang='lat' dir='ltr'><strong>se</strong></span> <span class='ocrx_word' id='word_1_260' title='bbox 1234 2144 1465 2199; x_wconf 84' lang='lat' dir='ltr'><strong>adplicasse</strong></span> <span class='ocrx_word' id='word_1_261' title='bbox 1496 2145 1740 2197; x_wconf 89' lang='lat' dir='ltr'><strong>musicum“,</strong></span> 
     </span>
     <span class='ocr_line' id='line_1_34' title="bbox 251 2202 1807 2260; baseline 0 -15"><span class='ocrx_word' id='word_1_262' title='bbox 251 2207 419 2260; x_wconf 86' lang='lat' dir='ltr'><strong>apparet</strong></span> <span class='ocrx_word' id='word_1_263' title='bbox 455 2202 694 2247; x_wconf 89' lang='lat' dir='ltr'><strong>Terentium</strong></span> <span class='ocrx_word' id='word_1_264' title='bbox 733 2216 818 2245; x_wconf 91' lang='lat' dir='ltr'><strong>non</strong></span> <span class='ocrx_word' id='word_1_265' title='bbox 850 2203 982 2245; x_wconf 90' lang='lat' dir='ltr'><strong>multo</strong></span> <span class='ocrx_word' id='word_1_266' title='bbox 1014 2207 1110 2245; x_wconf 90' lang='lat' dir='ltr'><strong>ante</strong></span> <span class='ocrx_word' id='word_1_267' title='bbox 1140 2204 1186 2244; x_wconf 91' lang='lat' dir='ltr'><strong>in</strong></span> <span class='ocrx_word' id='word_1_268' title='bbox 1217 2215 1409 2245; x_wconf 85' lang='lat' dir='ltr'><strong>scaenam</strong></span> <span class='ocrx_word' id='word_1_269' title='bbox 1442 2203 1640 2258; x_wconf 87' lang='lat' dir='ltr'><strong>prodisse,</strong></span> <span class='ocrx_word' id='word_1_270' title='bbox 1672 2202 1807 2259; x_wconf 90' lang='lat' dir='ltr'><strong>prolo-</strong></span> 
     </span>
     <span class='ocr_line' id='line_1_35' title="bbox 248 2263 1282 2319; baseline 0 -15"><span class='ocrx_word' id='word_1_271' title='bbox 248 2277 350 2317; x_wconf 90' lang='lat' dir='ltr'><strong>gum</strong></span> <span class='ocrx_word' id='word_1_272' title='bbox 382 2264 511 2318; x_wconf 90' lang='lat' dir='ltr'><strong>igitur</strong></span> <span class='ocrx_word' id='word_1_273' title='bbox 540 2265 583 2305; x_wconf 92' lang='lat' dir='ltr'><strong>in</strong></span> <span class='ocrx_word' id='word_1_274' title='bbox 616 2267 761 2319; x_wconf 85' lang='lat' dir='ltr'><strong>poetae</strong></span> <span class='ocrx_word' id='word_1_275' title='bbox 792 2264 938 2318; x_wconf 90' lang='lat' dir='ltr'><strong>primis</strong></span> <span class='ocrx_word' id='word_1_276' title='bbox 967 2263 1151 2317; x_wconf 90' lang='lat' dir='ltr'><strong>prologis</strong></span> <span class='ocrx_word' id='word_1_277' title='bbox 1181 2275 1282 2305; x_wconf 90' lang='lat' dir='ltr'><strong>esse.</strong></span> 
     </span>
    </p>
   </div>
   <div class='ocr_carea' id='block_1_5' title="bbox 250 2359 461 2365">
    <p class='ocr_par' dir='ltr' id='par_1_8' title="bbox 250 2359 461 2365">
     <span class='ocr_line' id='line_1_36' title="bbox 250 2359 461 2365; baseline 0 0"><span class='ocrx_word' id='word_1_278' title='bbox 250 2359 461 2365; x_wconf 95' lang='lat' dir='ltr'><strong> </strong></span> 
     </span>
    </p>
   </div>
   <div class='ocr_carea' id='block_1_6' title="bbox 248 2402 1806 2543">
    <p class='ocr_par' dir='ltr' id='par_1_9' title="bbox 248 2402 1806 2543">
     <span class='ocr_line' id='line_1_37' title="bbox 248 2402 1806 2457; baseline 0.001 -19"><span class='ocrx_word' id='word_1_279' title='bbox 248 2404 464 2439; x_wconf 83' lang='lat' dir='ltr'><strong>Karstenum</strong></span> <span class='ocrx_word' id='word_1_280' title='bbox 489 2403 525 2448; x_wconf 93' lang='lat' dir='ltr'><strong>(l.</strong></span> <span class='ocrx_word' id='word_1_281' title='bbox 540 2414 568 2438; x_wconf 91' lang='lat' dir='ltr'><strong>s</strong></span> <span class='ocrx_word' id='word_1_282' title='bbox 582 2414 610 2438; x_wconf 89' lang='lat' dir='ltr'><strong>s.</strong></span> <span class='ocrx_word' id='word_1_283' title='bbox 625 2414 659 2457; x_wconf 55' lang='lat' dir='ltr'><strong>p:</strong></span> <span class='ocrx_word' id='word_1_284' title='bbox 673 2403 757 2445; x_wconf 88' lang='grc'>219)</span> <span class='ocrx_word' id='word_1_285' title='bbox 783 2402 982 2446; x_wconf 86' lang='lat' dir='ltr'><strong>sequimur,</strong></span> <span class='ocrx_word' id='word_1_286' title='bbox 1008 2404 1054 2438; x_wconf 76' lang='lat' dir='ltr'><strong>cf.</strong></span> <span class='ocrx_word' id='word_1_287' title='bbox 1069 2402 1197 2437; x_wconf 85' lang='lat' dir='ltr'><strong>Donati</strong></span> <span class='ocrx_word' id='word_1_288' title='bbox 1223 2413 1361 2448; x_wconf 91' lang='lat' dir='ltr'><strong>quoque</strong></span> <span class='ocrx_word' id='word_1_289' title='bbox 1379 2403 1488 2438; x_wconf 86' lang='lat' dir='ltr'><strong>verba</strong></span> <span class='ocrx_word' id='word_1_290' title='bbox 1503 2404 1546 2438; x_wconf 82' lang='lat' dir='ltr'><strong>ad</strong></span> <span class='ocrx_word' id='word_1_291' title='bbox 1562 2404 1657 2439; x_wconf 87' lang='lat' dir='ltr'><strong>hunc</strong></span> <span class='ocrx_word' id='word_1_292' title='bbox 1673 2404 1806 2440; x_wconf 88' lang='lat' dir='ltr'><strong>locum:</strong></span> 
     </span>
     <span class='ocr_line' id='line_1_38' title="bbox 249 2448 1806 2517; baseline 0 -30"><span class='ocrx_word' id='word_1_293' title='bbox 249 2462 398 2494; x_wconf 83' lang='lat' dir='ltr'><strong>„verum</strong></span> <span class='ocrx_word' id='word_1_294' title='bbox 424 2450 529 2487; x_wconf 82' lang='lat' dir='ltr'><strong>aliter</strong></span> <span class='ocrx_word' id='word_1_295' title='bbox 552 2450 699 2486; x_wconf 88' lang='lat' dir='ltr'><strong>evenire</strong></span> <span class='ocrx_word' id='word_1_296' title='bbox 724 2449 836 2484; x_wconf 86' lang='lat' dir='ltr'><strong>multo</strong></span> <span class='ocrx_word' id='word_1_297' title='bbox 855 2448 1042 2495; x_wconf 82' lang='lat' dir='ltr'><strong>intellegit)</strong></span> <span class='ocrx_word' id='word_1_298' title='bbox 1067 2450 1165 2485; x_wconf 90' lang='lat' dir='ltr'><strong>Adeo</strong></span> <span class='ocrx_word' id='word_1_299' title='bbox 1187 2460 1255 2485; x_wconf 88' lang='lat' dir='ltr'><strong>nec</strong></span> <span class='ocrx_word' id='word_1_300' title='bbox 1271 2452 1546 2517; x_wconf 53' lang='lat' dir='ltr'><strong>praeparaverat</strong></span> <span class='ocrx_word' id='word_1_301' title='bbox 1560 2461 1628 2487; x_wconf 91' lang='lat' dir='ltr'><strong>nec</strong></span> <span class='ocrx_word' id='word_1_302' title='bbox 1643 2451 1806 2487; x_wconf 81' lang='lat' dir='ltr'><strong>intende-</strong></span> 
     </span>
     <span class='ocr_line' id='line_1_39' title="bbox 248 2477 1546 2543; baseline 0.001 -11"><span class='ocrx_word' id='word_1_303' title='bbox 248 2477 303 2533; x_wconf 60' lang='lat' dir='ltr'><strong>r&#39;at</strong></span> <span class='ocrx_word' id='word_1_304' title='bbox 327 2509 540 2543; x_wconf 82' lang='lat' dir='ltr'><strong>quemquam</strong></span> <span class='ocrx_word' id='word_1_305' title='bbox 565 2497 720 2538; x_wconf 86' lang='lat' dir='ltr'><strong>laedere,</strong></span> <span class='ocrx_word' id='word_1_306' title='bbox 745 2498 786 2531; x_wconf 88' lang='lat' dir='ltr'><strong>ut</strong></span> <span class='ocrx_word' id='word_1_307' title='bbox 809 2507 872 2540; x_wconf 86' lang='lat' dir='ltr'><strong>spe</strong></span> <span class='ocrx_word' id='word_1_308' title='bbox 897 2496 1009 2531; x_wconf 82' lang='lat' dir='ltr'><strong>falsus</strong></span> <span class='ocrx_word' id='word_1_309' title='bbox 1034 2496 1288 2542; x_wconf 87' lang='lat' dir='ltr'><strong>lacessitusque</strong></span> <span class='ocrx_word' id='word_1_310' title='bbox 1312 2497 1379 2533; x_wconf 90' lang='lat' dir='ltr'><strong>hoc</strong></span> <span class='ocrx_word' id='word_1_311' title='bbox 1403 2497 1546 2534; x_wconf 63' lang='lat' dir='ltr'><strong>faciatf‘</strong></span> 
     </span>
    </p>
   </div>
   <div class='ocr_carea' id='block_1_7' title="bbox 245 2555 1806 2746">
    <p class='ocr_par' dir='ltr' id='par_1_10' title="bbox 245 2555 1806 2746">
     <span class='ocr_line' id='line_1_40' title="bbox 367 2555 1806 2603; baseline 0 -10"><span class='ocrx_word' id='word_1_312' title='bbox 367 2557 410 2602; x_wconf 83' lang='lat'><strong>¹⁷)</strong></span> <span class='ocrx_word' id='word_1_313' title='bbox 435 2557 555 2593; x_wconf 86' lang='lat' dir='ltr'><strong>Paene</strong></span> <span class='ocrx_word' id='word_1_314' title='bbox 586 2557 682 2592; x_wconf 92' lang='lat' dir='ltr'><strong>idem</strong></span> <span class='ocrx_word' id='word_1_315' title='bbox 708 2556 877 2592; x_wconf 83' lang='lat' dir='ltr'><strong>Dziatzko</strong></span> <span class='ocrx_word' id='word_1_316' title='bbox 908 2555 959 2598; x_wconf 86' lang='lat' dir='ltr'><strong>(in</strong></span> <span class='ocrx_word' id='word_1_317' title='bbox 990 2555 1072 2591; x_wconf 87' lang='lat' dir='ltr'><strong>diss.</strong></span> <span class='ocrx_word' id='word_1_318' title='bbox 1098 2556 1263 2603; x_wconf 84' lang='lat' dir='ltr'><strong>inaug.p</strong></span> <span class='ocrx_word' id='word_1_319' title='bbox 1266 2584 1273 2592; x_wconf 92' lang='lat'><strong>.</strong></span> <span class='ocrx_word' id='word_1_320' title='bbox 1241 2556 1321 2602; x_wconf 84' lang='lat' dir='ltr'><strong>p2</strong></span> <span class='ocrx_word' id='word_1_321' title='bbox 1346 2568 1382 2592; x_wconf 92' lang='lat' dir='ltr'><strong>n.</strong></span> <span class='ocrx_word' id='word_1_322' title='bbox 1410 2557 1444 2603; x_wconf 95' lang='lat'><strong>1)</strong></span> <span class='ocrx_word' id='word_1_323' title='bbox 1474 2557 1519 2593; x_wconf 91' lang='lat' dir='ltr'><strong>de</strong></span> <span class='ocrx_word' id='word_1_324' title='bbox 1543 2557 1650 2593; x_wconf 88' lang='lat' dir='ltr'><strong>huius</strong></span> <span class='ocrx_word' id='word_1_325' title='bbox 1674 2557 1806 2603; x_wconf 87' lang='lat' dir='ltr'><strong>prologi</strong></span> 
     </span>
     <span class='ocr_line' id='line_1_41' title="bbox 247 2604 1806 2650; baseline 0.001 -11"><span class='ocrx_word' id='word_1_326' title='bbox 247 2615 354 2640; x_wconf 87' lang='lat' dir='ltr'><strong>versu</strong></span> <span class='ocrx_word' id='word_1_327' title='bbox 377 2606 401 2641; x_wconf 84' lang='lat'>8</span> <span class='ocrx_word' id='word_1_328' title='bbox 425 2617 545 2649; x_wconf 87' lang='lat' dir='ltr'><strong>„nunc</strong></span> <span class='ocrx_word' id='word_1_329' title='bbox 570 2616 676 2650; x_wconf 84' lang='lat' dir='ltr'><strong>quam</strong></span> <span class='ocrx_word' id='word_1_330' title='bbox 701 2615 778 2640; x_wconf 89' lang='lat' dir='ltr'><strong>rem</strong></span> <span class='ocrx_word' id='word_1_331' title='bbox 803 2604 888 2640; x_wconf 87' lang='lat' dir='ltr'><strong>vitio</strong></span> <span class='ocrx_word' id='word_1_332' title='bbox 905 2604 1002 2648; x_wconf 85' lang='lat' dir='ltr'><strong>dent,</strong></span> <span class='ocrx_word' id='word_1_333' title='bbox 1028 2615 1156 2649; x_wconf 83' lang='lat' dir='ltr'><strong>quaeso</strong></span> <span class='ocrx_word' id='word_1_334' title='bbox 1174 2604 1331 2640; x_wconf 87' lang='lat' dir='ltr'><strong>animum</strong></span> <span class='ocrx_word' id='word_1_335' title='bbox 1347 2604 1542 2640; x_wconf 85' lang='lat' dir='ltr'><strong>attendite“</strong></span> <span class='ocrx_word' id='word_1_336' title='bbox 1559 2604 1661 2640; x_wconf 89' lang='lat' dir='ltr'><strong>dicit:</strong></span> <span class='ocrx_word' id='word_1_337' title='bbox 1687 2604 1806 2648; x_wconf 89' lang='lat' dir='ltr'><strong>„hunc</strong></span> 
     </span>
     <span class='ocr_line' id='line_1_42' title="bbox 246 2651 1804 2698; baseline 0 -11"><span class='ocrx_word' id='word_1_338' title='bbox 246 2663 390 2687; x_wconf 87' lang='lat' dir='ltr'><strong>versum</strong></span> <span class='ocrx_word' id='word_1_339' title='bbox 426 2653 477 2688; x_wconf 85' lang='lat' dir='ltr'><strong>ita</strong></span> <span class='ocrx_word' id='word_1_340' title='bbox 511 2652 666 2698; x_wconf 85' lang='lat' dir='ltr'><strong>proferri</strong></span> <span class='ocrx_word' id='word_1_341' title='bbox 703 2652 804 2697; x_wconf 84' lang='lat' dir='ltr'><strong>quasi</strong></span> <span class='ocrx_word' id='word_1_342' title='bbox 840 2653 946 2697; x_wconf 84' lang='lat' dir='ltr'><strong>poeta</strong></span> <span class='ocrx_word' id='word_1_343' title='bbox 980 2654 1078 2687; x_wconf 88' lang='lat' dir='ltr'><strong>certe</strong></span> <span class='ocrx_word' id='word_1_344' title='bbox 1115 2653 1271 2687; x_wconf 89' lang='lat' dir='ltr'><strong>nondum</strong></span> <span class='ocrx_word' id='word_1_345' title='bbox 1308 2662 1452 2698; x_wconf 86' lang='lat' dir='ltr'><strong>operam</strong></span> <span class='ocrx_word' id='word_1_346' title='bbox 1484 2651 1615 2688; x_wconf 85' lang='lat' dir='ltr'><strong>abusus</strong></span> <span class='ocrx_word' id='word_1_347' title='bbox 1645 2652 1708 2696; x_wconf 87' lang='lat' dir='ltr'><strong>sit,</strong></span> <span class='ocrx_word' id='word_1_348' title='bbox 1745 2652 1804 2697; x_wconf 86' lang='lat' dir='ltr'><strong>qui</strong></span> 
     </span>
     <span class='ocr_line' id='line_1_43' title="bbox 245 2699 1803 2746; baseline 0.001 -12"><span class='ocrx_word' id='word_1_349' title='bbox 245 2700 379 2735; x_wconf 84' lang='lat' dir='ltr'><strong>veteris</strong></span> <span class='ocrx_word' id='word_1_350' title='bbox 399 2701 524 2745; x_wconf 85' lang='lat' dir='ltr'><strong>poetae</strong></span> <span class='ocrx_word' id='word_1_351' title='bbox 544 2699 741 2736; x_wconf 84' lang='lat' dir='ltr'><strong>maledictis</strong></span> <span class='ocrx_word' id='word_1_352' title='bbox 755 2699 1026 2744; x_wconf 85' lang='lat' dir='ltr'><strong>responderet“;</strong></span> <span class='ocrx_word' id='word_1_353' title='bbox 1048 2710 1094 2736; x_wconf 88' lang='lat' dir='ltr'><strong>ex</strong></span> <span class='ocrx_word' id='word_1_354' title='bbox 1107 2710 1215 2736; x_wconf 87' lang='lat' dir='ltr'><strong>versu</strong></span> <span class='ocrx_word' id='word_1_355' title='bbox 1226 2700 1250 2736; x_wconf 89' lang='lat'>8</span> <span class='ocrx_word' id='word_1_356' title='bbox 1262 2701 1382 2735; x_wconf 86' lang='lat' dir='ltr'><strong>tamen</strong></span> <span class='ocrx_word' id='word_1_357' title='bbox 1394 2699 1461 2735; x_wconf 92' lang='lat' dir='ltr'><strong>hoc</strong></span> <span class='ocrx_word' id='word_1_358' title='bbox 1474 2699 1575 2735; x_wconf 77' lang='lat' dir='ltr'><strong>effici</strong></span> <span class='ocrx_word' id='word_1_359' title='bbox 1587 2709 1690 2745; x_wconf 85' lang='lat' dir='ltr'><strong>posse</strong></span> <span class='ocrx_word' id='word_1_360' title='bbox 1703 2710 1803 2746; x_wconf 88' lang='lat' dir='ltr'><strong>nego.</strong></span> 
     </span>
    </p>
   </div>
   <div class='ocr_carea' id='block_1_8' title="bbox 244 2758 1801 2853">
    <p class='ocr_par' dir='ltr' id='par_1_11' title="bbox 244 2758 1801 2853">
     <span class='ocr_line' id='line_1_44' title="bbox 366 2758 1801 2804; baseline -0.001 -10"><span class='ocrx_word' id='word_1_361' title='bbox 366 2759 408 2803; x_wconf 85' lang='lat'><strong>¹⁸)</strong></span> <span class='ocrx_word' id='word_1_362' title='bbox 433 2760 480 2794; x_wconf 83' lang='lat' dir='ltr'><strong>cf.</strong></span> <span class='ocrx_word' id='word_1_363' title='bbox 499 2760 608 2793; x_wconf 89' lang='lat' dir='ltr'><strong>Andr.</strong></span> <span class='ocrx_word' id='word_1_364' title='bbox 627 2770 685 2793; x_wconf 85' lang='lat' dir='ltr'><strong>vv.</strong></span> <span class='ocrx_word' id='word_1_365' title='bbox 703 2759 751 2794; x_wconf 84' lang='lat'><strong>48</strong></span> <span class='ocrx_word' id='word_1_366' title='bbox 775 2769 850 2803; x_wconf 87' lang='lat' dir='ltr'><strong>sqq.</strong></span> <span class='ocrx_word' id='word_1_367' title='bbox 878 2779 920 2783; x_wconf 97' lang='lat'><strong>—</strong></span> <span class='ocrx_word' id='word_1_368' title='bbox 947 2758 1074 2793; x_wconf 86' lang='lat' dir='ltr'><strong>Heaut.</strong></span> <span class='ocrx_word' id='word_1_369' title='bbox 1093 2770 1150 2794; x_wconf 86' lang='lat' dir='ltr'><strong>vv.</strong></span> <span class='ocrx_word' id='word_1_370' title='bbox 1169 2759 1213 2794; x_wconf 90' lang='grc'><strong>92</strong></span> <span class='ocrx_word' id='word_1_371' title='bbox 1239 2769 1314 2804; x_wconf 88' lang='lat' dir='ltr'><strong>sqq.</strong></span> <span class='ocrx_word' id='word_1_372' title='bbox 1335 2779 1377 2784; x_wconf 91' lang='lat'><strong>—</strong></span> <span class='ocrx_word' id='word_1_373' title='bbox 1396 2759 1485 2794; x_wconf 87' lang='lat' dir='ltr'><strong>Eun.</strong></span> <span class='ocrx_word' id='word_1_374' title='bbox 1503 2770 1561 2793; x_wconf 87' lang='lat' dir='ltr'><strong>vv.</strong></span> <span class='ocrx_word' id='word_1_375' title='bbox 1581 2758 1647 2794; x_wconf 83' lang='lat'><strong>107</strong></span> <span class='ocrx_word' id='word_1_376' title='bbox 1665 2768 1741 2804; x_wconf 91' lang='lat' dir='ltr'><strong>sqq.</strong></span> <span class='ocrx_word' id='word_1_377' title='bbox 1759 2780 1801 2786; x_wconf 90' lang='lat'>—</span> 
     </span>
     <span class='ocr_line' id='line_1_45' title="bbox 244 2805 1700 2853; baseline -0.001 -12"><span class='ocrx_word' id='word_1_378' title='bbox 244 2806 386 2842; x_wconf 73' lang='lat' dir='ltr'><strong>Phor-m.</strong></span> <span class='ocrx_word' id='word_1_379' title='bbox 415 2817 470 2841; x_wconf 88' lang='lat' dir='ltr'><strong>vv.</strong></span> <span class='ocrx_word' id='word_1_380' title='bbox 497 2806 544 2843; x_wconf 87' lang='lat'><strong>80</strong></span> <span class='ocrx_word' id='word_1_381' title='bbox 568 2816 644 2852; x_wconf 86' lang='lat' dir='ltr'><strong>sqq.</strong></span> <span class='ocrx_word' id='word_1_382' title='bbox 673 2825 716 2831; x_wconf 95' lang='lat'>—</span> <span class='ocrx_word' id='word_1_383' title='bbox 743 2805 830 2841; x_wconf 87' lang='lat' dir='ltr'><strong>Hec.</strong></span> <span class='ocrx_word' id='word_1_384' title='bbox 857 2816 914 2841; x_wconf 91' lang='lat' dir='ltr'><strong>vv.</strong></span> <span class='ocrx_word' id='word_1_385' title='bbox 943 2807 1010 2841; x_wconf 84' lang='lat'><strong>114</strong></span> <span class='ocrx_word' id='word_1_386' title='bbox 1035 2816 1110 2853; x_wconf 86' lang='lat' dir='ltr'><strong>sqq.</strong></span> <span class='ocrx_word' id='word_1_387' title='bbox 1139 2826 1178 2832; x_wconf 93' lang='lat'><strong>——</strong></span> <span class='ocrx_word' id='word_1_388' title='bbox 1206 2806 1354 2852; x_wconf 91' lang='lat' dir='ltr'><strong>Adelph.</strong></span> <span class='ocrx_word' id='word_1_389' title='bbox 1381 2806 1409 2850; x_wconf 96' lang='lat' dir='ltr'><strong>I,</strong></span> <span class='ocrx_word' id='word_1_390' title='bbox 1438 2807 1469 2850; x_wconf 94' lang='lat'><strong>1,</strong></span> <span class='ocrx_word' id='word_1_391' title='bbox 1494 2816 1552 2841; x_wconf 89' lang='lat' dir='ltr'><strong>vv.</strong></span> <span class='ocrx_word' id='word_1_392' title='bbox 1581 2807 1598 2840; x_wconf 93' lang='lat'>1</span> <span class='ocrx_word' id='word_1_393' title='bbox 1625 2815 1700 2853; x_wconf 86' lang='lat' dir='ltr'><strong>sqq.</strong></span> 
     </span>
    </p>
   </div>
  </div>
 </body>
</html>
