2067 3311
351 449 508 523 Natus
537 493 631 523 sum
663 479 854 523 walther
892 479 1031 536 ceorg
1060 479 1276 521 Friedrich
1306 478 1452 533 Meyer
1489 478 1654 534 Lipsiae
1689 478 1788 521 anni

234 551 347 593 1878
373 550 439 592 die
463 550 628 594 XXVI.
653 551 810 593 mensis
832 550 862 592 J
863 564 928 592 an.
954 542 1164 599 Eriderico
1190 552 1318 603 patre,
1349 561 1475 603 quem
1498 549 1603 590 mihi
1626 548 1783 591 abhinc

230 620 385 664 multos
415 633 548 663 annos
577 624 841 677 praematura
870 623 1004 662 morte
1034 622 1226 675 ereptum
1255 631 1347 661 esse
1377 619 1625 674 gravissime
1654 618 1789 669 doleo,

231 694 366 737 matre
377 691 648 734 Wilhelmine
663 704 687 733 e
701 694 824 746 gente
841 689 1039 745 Martens,
1055 703 1181 746 quam
1195 690 1337 732 vivam
1353 689 1491 731 adhuc
1505 690 1575 745 pio
1589 692 1792 745 gratoque

231 763 373 805 animo
397 774 586 805 veneror.
629 760 776 804 Fidem
799 759 996 816 profiteor
1020 759 1314 816 evangelicam.
1339 759 1592 802 Litterarum
1615 760 1792 815 primor-

231 833 311 875 diis
354 831 544 875 imbutus
588 831 775 874 scholam
816 830 1090 886 Thomanam,
1136 843 1247 886 quae
1289 831 1472 873 Aemilio
1514 829 1790 885 Jungmanno

231 906 392 946 rectore
421 901 555 956 floret,
583 914 658 957 per
687 914 838 945 novem
869 914 1002 944 annos
1031 901 1304 956 frequentavi.

349 972 460 1014 Vere
496 972 596 1014 anni
628 972 742 1014 1898
778 973 1031 1014 maturitatis
1067 962 1306 1014 testimonio
1343 972 1576 1014 instructus
1615 984 1792 1014 numero

230 1044 388 1086 civium
417 1042 551 1085 almae
580 1043 726 1085 matris
755 1042 983 1099 Lipsiensis
1014 1042 1248 1098 adscriptus
1278 1055 1374 1085 sum
1403 1045 1445 1084 et
1474 1043 1627 1085 studiis
1651 1043 1789 1099 philo-

234 1115 377 1169 logieis
412 1125 580 1169 operam
616 1115 783 1156 navavi.
845 1111 1090 1156 Docuerunt
1126 1126 1193 1155 me
1225 1115 1304 1155 viri
1339 1114 1613 1157 illustrissimi
1652 1113 1790 1169 Brug-

232 1197 372 1238 mann,
409 1183 712 1238 Gardthausen,
748 1183 912 1239 Hauck,
948 1182 1124 1238 Heinze,
1160 1183 1386 1238 Hofmann,
1421 1184 1544 1239 Holz,
1574 1184 1790 1238 Immisch,

232 1254 261 1296 J
264 1267 496 1310 ungmann,
540 1253 724 1309 Lipsius,
771 1253 911 1308 Marx,
957 1254 1140 1308 Sievers,
1186 1254 1453 1308 Studniczka,
1499 1255 1791 1309 Wachsmuth,

233 1324 407 1369 Wundt.

349 1395 570 1438 Praeterea
588 1394 745 1437 sodalis
764 1395 829 1437 fui
848 1395 1139 1451 proseminarii
1153 1395 1275 1451 Regii
1295 1396 1536 1451 philologici
1558 1396 1786 1438 Immischii

232 1467 429 1522 auspiciis
464 1478 539 1521 per
576 1466 660 1508 duo
696 1466 930 1521 semestria,
966 1478 1041 1522 per
1077 1480 1210 1509 unum
1250 1467 1399 1509 senior.
1459 1467 1565 1510 Inde
1598 1468 1794 1512 tirocinio

233 1538 333 1579 artis
374 1536 648 1592 philologicae
688 1537 935 1592 perfunctus
977 1538 1020 1579 in
1065 1538 1339 1580 seminarium
1376 1537 1555 1594 Regium
1599 1542 1792 1595 receptus

233 1621 327 1651 sum
364 1611 406 1651 et
441 1607 810 1651 exercitationibus
845 1608 1016 1651 interfui
1051 1607 1209 1651 sodalis
1245 1609 1482 1652 ordinarius
1512 1622 1587 1666 per
1616 1611 1696 1653 tria
1727 1623 1791 1653 se-

232 1668 414 1733 mestria,
443 1691 517 1734 per
546 1676 717 1721 tertium
748 1680 899 1733 senior,
935 1679 1177 1735 regentibus
1208 1679 1367 1735 Lipsio,
1408 1680 1586 1735 Marxio,
1615 1681 1791 1724 Wachs-

234 1749 406 1791 muthio,
466 1748 765 1791 Proseminarii
802 1749 1003 1792 theodisci
1040 1763 1115 1805 per
1146 1763 1223 1793 sex
1258 1763 1423 1794 menses
1459 1752 1613 1794 sodalis
1645 1752 1708 1795 fui
1738 1753 1790 1795 de

235 1819 426 1862 Bahdero
457 1820 710 1862 moderante.

352 1889 541 1946 Benigne
577 1891 680 1932 mihi
716 1891 880 1933 aditum
915 1896 1172 1947 aperuerunt
1208 1893 1428 1936 Oichorius
1464 1895 1518 1936 ad
1555 1896 1792 1938 societatem

233 1961 474 2002 historicam
515 1973 589 2016 per
624 1962 705 2003 tria
740 1964 974 2017 semestria,
1018 1962 1185 2019 Lipsius
1221 1964 1273 2006 ad
1310 1965 1552 2007 societatem
1590 1965 1791 2009 Graecam

233 2042 308 2085 per
330 2043 476 2085 unum,
500 2031 756 2074 Studniczka
778 2033 832 2075 ad
857 2034 1176 2077 exercitationes
1199 2035 1535 2091 archaeologicas
1550 2049 1626 2092 per
1642 2050 1790 2080 unum.

353 2099 517 2151 Quibus
553 2102 654 2145 viris
696 2103 1011 2147 humanissimis
1048 2104 1242 2147 omnibus
1278 2106 1453 2161 gratiam
1491 2106 1624 2150 habeo
1664 2122 1790 2164 quam

233 2172 474 2226 maximam,
503 2173 708 2228 imprimis
738 2177 879 2216 autem
909 2174 1164 2230 Immischio,
1194 2176 1316 2218 cuius
1346 2180 1431 2219 tres
1460 2189 1536 2233 per
1566 2192 1701 2221 annos
1730 2180 1791 2221 fa-

234 2243 377 2284 mulus
400 2255 512 2285 eram
539 2245 698 2300 quique
721 2245 957 2288 studiorum
978 2259 1168 2290 meorum
1188 2246 1610 2292 benevolentissimus
1631 2251 1792 2293 exstitit

235 2312 385 2366 fautor,
415 2317 621 2368 quantum
652 2314 839 2370 debeam,
867 2317 1105 2372 gratissimo
1136 2318 1276 2359 animo
1307 2331 1472 2375 semper
1498 2320 1734 2375 profitebor.
