2067 3311
866 107 1156 153 -67—

446 233 519 289 „Id
548 234 609 274 ita
640 242 730 273 esse
761 243 836 272 vos
866 232 949 272 iam
981 231 1168 272 iudicare
1198 231 1420 286 poteritis“.

236 294 327 337 Hoc
358 306 442 349 quo
463 292 617 334 rectius
641 290 703 331 illi
726 289 861 332 facere
885 290 1057 346 possint,
1088 290 1189 346 quid
1213 293 1302 346 ipse
1325 290 1480 342 fecerit,
1511 289 1590 330 hoc
1615 300 1788 344 quoque

242 356 331 396 loco
362 354 554 394 accurate
584 350 757 405 exponit
785 348 850 391 his
880 348 1037 392 verbis·

446 409 602 464 „Colax
633 408 906 450 Menandrist:
938 409 981 449 in
1012 412 1100 450 east
1130 410 1335 464 parasitus
1366 409 1490 450 colax

447 467 503 511 Et
530 468 652 510 miles
681 467 904 522 gloriosus:
937 480 1008 510 eas
1037 480 1083 510 se
1112 481 1197 510 non
1228 471 1354 523 negat

447 527 655 569 Personas
685 527 946 569 transtulisse
974 528 1020 568 in
1051 527 1307 568 Eunuchum
1336 539 1457 569 suam

448 585 516 628 Ex
548 585 724 638 Graeca3
758 585 830 628 sed
861 597 930 628 eas
959 583 1127 628 fabulas
1155 585 1285 628 factas
1315 586 1432 640 prius

450 644 619 687 Latinas
651 645 777 687 scisse
806 658 910 700 sese,
940 645 982 686 id
1012 658 1112 687 vero
1142 645 1375 700 pernegat&

355 704 435 746 Vel
472 717 525 746 ex
563 705 627 746 his
657 704 849 746 versibus
885 705 1086 759 consequi
1122 704 1227 745 mihi
1256 704 1423 745 videtur
1453 706 1705 771 spectatores
1736 703 1788 744 ad

236 764 278 806 id
309 768 486 819 tempus,
518 764 618 819 quid
647 762 821 805 Luscius
854 762 1046 805 Terentio
1071 762 1300 815 obiecisset,
1330 763 1576 805 nescivisse.
1606 762 1650 804 id
1675 762 1789 818 quod

237 836 286 865 eo
312 823 556 877 explicatur,
582 823 693 877 quod
719 821 898 864 Luscius
922 823 974 863 de
997 821 1195 863 Eunuchi
1219 822 1333 863 vitiis
1358 822 1447 863 sola
1469 822 1514 862 in
1535 822 1609 863 illa
1627 824 1790 863 actione

237 882 345 924 facta
375 894 515 923 coram
544 881 868 936 magistratibus,
900 893 1008 936 quae
1037 881 1214 936 primam
1244 880 1411 923 fabulae
1441 881 1648 923 actionem
1675 884 1790 923 ante-

238 941 379 993 cessit,
420 940 549 982 verba
589 941 760 993 fecerat,
801 952 886 982 non
929 941 973 981 in
1017 941 1187 994 prologo
1230 939 1409 981 alicuius
1444 939 1613 982 fabulae
1650 952 1789 981 coram

239 998 549 1054 spectatoribus.

356 1057 435 1100 His
466 1070 560 1099 cum
594 1058 696 1100 locis
720 1057 908 1100 conferas
928 1057 1062 1099 Andr.
1086 1058 1189 1113 prol.
1216 1070 1255 1099 V.
1281 1058 1308 1098 8
1334 1070 1425 1112 sqq.
1463 1056 1617 1113 Incipit
1639 1056 1790 1100 Teren-

239 1119 344 1160 tius:
383 1117 543 1171 ‚,Nunc,
583 1130 711 1172 quam
746 1129 836 1159 rem
865 1118 967 1159 vitio
999 1117 1110 1171 dent,
1141 1129 1296 1172 quaeso
1327 1117 1516 1158 animum
1546 1117 1791 1159 adtendite“.

240 1176 308 1218 Ex
339 1189 423 1231 quo
453 1178 544 1218 loco
581 1188 777 1232 apparere
815 1176 918 1218 mihi
949 1176 1114 1218 videtur
1150 1189 1236 1217 non
1270 1176 1408 1217 solum
1437 1179 1601 1231 poetam
1631 1176 1710 1218 hac
1740 1176 1793 1217 de

240 1236 572 1277 adversariorum
604 1235 893 1277 criminatione
917 1235 971 1276 ad
994 1235 1101 1277 illud
1124 1238 1291 1290 tempus
1315 1234 1445 1276 verba
1467 1247 1552 1276 non
1577 1235 1791 1289 fecisse,¹¹)

240 1295 313 1336 sed
350 1295 476 1336 etiam
511 1298 762 1349 spectatores
797 1294 924 1336 huius
960 1295 1022 1335 rei
1057 1294 1185 1350 plane
1220 1294 1388 1348 ignaros
1425 1293 1566 1336 fuisse.
1629 1292 1793 1336 Deinde

241 1354 319 1395 hoc
349 1366 518 1409 quoque
548 1353 639 1395 loco
670 1353 773 1408 quid
801 1352 957 1407 fecerit,
986 1357 1109 1409 poeta
1138 1356 1329 1395 accurate
1359 1353 1550 1408 exponit:

301 1416 353 1466 (v.
373 1411 414 1469 9)
448 1411 701 1467 „Menander
728 1411 826 1454 fecit
855 1412 1061 1454 Andriam
1092 1416 1133 1454 et
1162 1411 1422 1454 Perinthiam
1452 1424 1514 1467 sq.

272 1472 327 1527 (v.
347 1472 417 1525 13)
450 1470 566 1521 Quae
596 1483 830 1513 convenere
859 1472 903 1512 in
934 1471 1140 1513 Andriam
1171 1483 1226 1513 ex
1257 1470 1471 1512 Perinthia

453 1530 624 1573 Fatetur
653 1529 916 1573 transtulisse
945 1534 1072 1586 atque
1102 1543 1228 1572 usum
1257 1542 1332 1585 pro
1362 1530 1485 1572 suis.“

357 1589 466 1632 Tum
513 1590 704 1644 sequitur
751 1590 805 1643 (v.
845 1590 935 1642 15):
982 1589 1058 1642 „Id
1105 1591 1175 1631 isti
1218 1590 1459 1643 vituperant
1498 1589 1678 1630 factum“
1731 1602 1793 1644 sq.

242 1648 436 1705 Denique
472 1652 722 1704 spectatores
758 1661 905 1691 rursus
941 1649 1101 1691 iudices
1135 1648 1234 1690 facit
1268 1661 1308 1690 v.
1339 1648 1397 1689 24
1426 1660 1506 1703 sq.:

806 1708 815 1717 ⁸
1212 1708 1221 1716 ”
1247 1708 1269 1728 ss

360 1707 581 1809 Simiffigind
611 1711 892 1821 igffioffldd'o
903 1707 1429 1808 ᾞθῐὲῗιΐέιῗέοῗῐξωὼξᾶτὲθ
1436 1719 1630 1821 Sprologo
1661 1767 1796 1808 utitur

246 1829 371 1881 atque
403 1827 446 1866 in
479 1825 700 1879 Adelphon
731 1828 773 1866 et
802 1824 999 1874 Eunuchi
1041 1826 1235 1880 prologis.
1295 1823 1486 1873 Quorum
1516 1837 1572 1866 ex
1618 1832 1796 1881 utroque

243 1898 338 1926 cum
384 1883 653 1925 manifestum
698 1895 789 1926 esse
837 1883 1171 1926 intellexerimus
1213 1886 1464 1938 spectatores
1513 1895 1651 1939 neque
1693 1885 1797 1926 vitia

243 1943 408 1984 fabulae
454 1955 591 1997 neque
637 1942 971 1985 adversariorum
1015 1944 1174 1984 crimen
1216 1947 1338 1983 811188
1383 1943 1647 1997 cognovisse,
1696 1956 1795 1985 con-

244 2002 439 2044 cluserim
469 2005 737 2057 spectatores,
767 2005 878 2044 certe
907 2003 1134 2044 maximam
1170 2004 1349 2056 partem,
1392 2013 1446 2042 ne
1484 2005 1581 2044 ante
1610 2002 1797 2044 Andriae

245 2061 415 2116 quidem
443 2060 610 2102 fabulae
639 2061 846 2102 actionem
877 2062 1049 2102 scivisse
1086 2060 1190 2102 illud
1221 2060 1377 2101 crimen
1408 2059 1601 2103 Terentio
1632 2061 1798 2103 illatum

244 2132 346 2162 esse.
405 2118 498 2161 Hoc
528 2120 563 2160 si
594 2120 653 2161 ita
682 2122 756 2174 est,
786 2120 988 2174 sequitur,
1021 2122 1067 2160 ut
1091 2119 1317 2160 adversarii
1342 2118 1420 2159 hoc
1445 2131 1615 2174 quoque
1635 2120 1797 2162 crimen

243 2178 434 2221 Terentio
466 2190 547 2220 non
580 2178 718 2233 palam
750 2178 1094 2233 exprobraverint
1124 2179 1168 2219 in
1200 2177 1382 2232 prologis
1412 2178 1519 2231 suis,
1561 2179 1635 2220 sed
1681 2179 1798 2221 verbi

244 2250 371 2280 causa
400 2238 443 2278 in
476 2236 738 2278 sermonibus
768 2235 1053 2294 cotidianis.1²)

365 2297 402 2338 3.
435 2294 580 2337 Cetera
604 2296 780 2337 crimina
804 2296 972 2350 singula
996 2309 1181 2351 quonam
1207 2295 1329 2337 modo
1353 2296 1582 2338 adversarii
1605 2295 1799 2338 Terentio

245 2354 599 2410 exprobraverint,
632 2354 861 2396 diiudicare
891 2367 977 2396 non
1001 2367 1235 2409 possumus.
1285 2353 1458 2411 Semper
1487 2358 1625 2396 autem
1657 2355 1799 2396 animo

246 2414 475 2455 tenendum
517 2417 580 2454 est
621 2425 707 2454 non
740 2413 1093 2467 adversariorum,
1133 2413 1207 2454 sed
1250 2413 1361 2455 solos
1402 2413 1566 2455 Terenti
1608 2414 1800 2468 prologos

245 2473 470 2514 memoriae
500 2471 673 2513 traditos
703 2483 812 2525 esse,
855 2483 910 2513 ex
941 2471 1096 2526 quibus
1134 2472 1217 2514 duo
1253 2475 1437 2525 tantum,
1482 2484 1589 2527 quae
1625 2472 1679 2513 ad
1709 2473 1802 2514 eius

368 2576 409 2618 ἰ)
433 2575 620 2611 Dziatzko:
645 2575 728 2610 diss.
753 2575 869 2621 inaug.
895 2586 928 2621 p.
953 2575 976 2610 2
1001 2576 1081 2611 adn.
1109 2577 1140 2611 1.

367 2623 408 2669 ¹³)
433 2623 480 2659 cf.
518 2624 636 2658 autem
670 2624 713 2659 A.
751 2621 920 2669 Spengel.
957 2623 1067 2659 Andr.
1093 2623 1148 2659 ed.
1174 2622 1305 2669 (Berol.
1332 2623 1448 2668 1875),
1485 2623 1597 2668 praef.
1621 2635 1655 2669 p.
1681 2623 1729 2659 X.
1757 2644 1800 2650 —

246 2669 415 2753 gaeterum
437 2671 505 2754 15130
529 2669 692 2763 m)axime·
708 2670 875 2706 convenit
898 2681 980 2706 cum
1004 2670 1159 2706 Andriae
1184 2670 1360 2706 secundae
1385 2670 1533 2706 actionis
1557 2671 1717 2716 tempore
1740 2672 1801 2717 (cf.

289 2727 355 2762 Pl·a
377 2727 400 2763 P
508 2727 550 2763 sq

1519 2778 1562 2814 5*
