2067 3311
869 75 1159 117 ...37-

235 194 430 250 potuerit,
460 206 537 237 nos
568 194 797 237 diiudicare
821 205 907 235 non
930 204 1167 248 possumus.
1208 189 1487 242 Quamobrem
1515 193 1593 234 hoc
1618 204 1788 247 quoque

237 257 482 309 argumento
513 253 798 296 desistendum
827 255 901 294 est.

354 311 433 355 111.
492 312 611 366 Tum,
642 312 751 355 dicat
782 312 890 366 quis,
919 310 956 352 si
986 309 1204 365 Adelphoe
1233 316 1330 353 ante
1354 310 1566 365 Hecyram
1596 310 1672 365 (ΙΙ)
1697 314 1789 353 acta

237 375 358 425 esset,
402 372 541 425 verba,
588 383 696 426 quae
742 371 785 412 in
833 369 1071 412 didascaliis
1101 372 1143 411 et
1178 370 1289 426 apud
1332 369 1546 413 Donatum
1582 371 1786 426 legimus:

237 430 429 485 „Hecyra
457 431 567 472 facta
596 434 659 471 est
691 428 813 482 V“⁸¹)
850 428 1037 482 intellegi
1075 429 1245 470 omnino
1284 442 1369 470 non
1399 434 1585 483 possunt.
1647 430 1705 470 At
1735 442 1789 471 ne

236 493 328 531 tum
358 489 529 545 quidem
553 489 590 530 si
613 486 825 541 Hecyram
851 485 924 540 (II)
948 490 1045 528 ante
1069 486 1283 542 Adelphos
1307 491 1443 529 actam
1466 500 1556 530 esse
1580 491 1789 543 putamus,

236 548 424 603 intellegi
453 548 555 589 haec
584 546 713 587 verba
741 549 931 601 possunt.
992 545 1142 600 Neque
1172 548 1285 587 enim
1316 559 1392 587 cur
1423 547 1552 588 huius
1582 547 1789 588 secundae

235 605 428 660 Hecyrae
457 605 632 647 actionis
667 604 846 646 infelicis
885 604 991 646 ratio
1028 604 1169 646 habita
1205 605 1261 647 sit
1306 629 1363 636 —-
1405 617 1489 646 non
1529 608 1603 646 aut
1632 605 1789 659 primae

237 665 408 706 omnino
444 664 620 706 actionis
656 667 730 705 aut
764 664 923 718 primae
957 660 1093 706 felicis
1128 664 1304 706 actionis
1336 689 1410 718 —‚
1447 664 1527 705 viri
1566 664 1677 706 docti
1714 676 1790 705 ex-

235 724 390 778 plicare
419 721 662 777 possunt.⁸²)
724 721 899 763 Numeri
931 722 1108 777 singulis
1132 722 1286 764 fabulis
1315 724 1361 763 in
1392 723 1628 764 didascaliis
1658 722 1789 763 additi

236 794 319 822 non
352 781 536 823 multum
566 780 704 822 valere
733 780 837 821 mihi
867 780 1074 822 videntur.
1136 780 1243 822 Cum
1274 782 1387 822 enim
1417 793 1503 834 eae,
1533 793 1639 835 quas
1665 780 1789 821 habe·

236 853 350 894 mus,
404 839 652 882 didascaliae
704 839 756 881 ad
800 838 964 881 Terenti
1008 838 1172 881 fabulas
1216 843 1450 895 spectantes
1494 842 1680 895 tempore
1729 839 1789 880 rei

236 898 428 955 publicae
463 898 617 940 liberae
653 902 852 951 exeunte,
888 898 1061 940 fortasse
1094 911 1118 940 a
1150 897 1204 939 M.
1228 897 1420 941 Terentio
1446 897 1648 952 Varrone,
1678 911 1788 940 com—

237 958 395 1014 positae
426 970 516 1000 esse
549 957 780 1012 videantur,
805 957 1031 999 verisimile
1060 960 1125 999 est
1154 969 1252 999 eum
1281 958 1614 1013 grammaticum,
1647 957 1721 1013 qui
1744 958 1789 998 in

238 1029 305 1060 res
335 1017 387 1059 ad
417 1016 656 1059 fabularum
679 1016 1023 1059 Terentianarum
1047 1018 1231 1059 actiones
1255 1017 1510 1072 pertinentes
1540 1016 1791 1072 inquirebat,

238 1075 375 1118 solum
405 1076 447 1117 id
479 1076 755 1130 perscriptum
785 1076 997 1118 invenisse
1028 1078 1069 1117 et
1093 1075 1308 1131 Adelphos
1333 1079 1375 1117 et
1397 1075 1609 1128 Hecyram
1634 1075 1788 1117 eisdem

236 1134 349 1177 ludis
378 1133 627 1177 funebribus
658 1133 702 1177 L.
732 1134 889 1177 Aemili
920 1133 1060 1176 Paulli
1096 1137 1209 1176 actas
1238 1146 1347 1188 esse,
1377 1146 1515 1190 neque
1546 1146 1665 1187 vero,
1696 1137 1791 1176 utra

236 1194 368 1249 prior,
412 1197 508 1235 utra
551 1194 755 1248 posterior
798 1193 965 1245 fuisset,
1018 1192 1181 1247 legisse.
1258 1191 1540 1242 Quamobrem
1575 1187 1639 1234 'ne
1693 1194 1791 1234 huic

238 1253 408 1308 quidem
438 1253 675 1295 testimonio
706 1265 902 1306 magnam
930 1250 1059 1295 fidem
1088 1251 1322 1294 habendam
1353 1264 1444 1295 esse
1474 1256 1588 1308 puto.

354 1311 429 1354 IV.
459 1311 525 1353 Ne
555 1312 654 1353 inde
692 1312 862 1367 quidem
893 1312 1005 1366 quod
1037 1310 1230 1365 Hecyrae
1260 1312 1458 1367 prologus
1488 1311 1593 1353 alter
1622 1311 1675 1352 ab
1701 1312 1790 1366 ipso

238 1370 438 1412 Ambivio
468 1372 763 1425 pronuntiatus
794 1375 867 1424 est,
899 1369 1008 1412 effici
1038 1369 1251 1424 Hecyram
1282 1370 1353 1424 (II)
1384 1370 1508 1412 modo
1540 1370 1596 1425 (h.
1629 1383 1663 1412 e.
1698 1374 1792 1425 post

237 1429 465 1485 Adelphos)
496 1430 649 1472 iterum
679 1433 869 1471 exactam
899 1441 990 1471 esse
1014 1441 1143 1485 supra
1173 1430 1239 1483 (cf.
1256 1442 1295 1485 p.
1314 1430 1385 1483 12)
1416 1429 1619 1481 vidimus3
1653 1441 1792 1484 neque

238 1492 349 1530 enim
379 1490 521 1530 minus
557 1490 729 1543 cogitari
765 1492 903 1543 potest
930 1487 1171 1530 Terentium
1209 1489 1320 1530 hunc
1356 1489 1576 1543 prologum
1613 1488 1665 1530 ob
1697 1501 1789 1530 eam

237 1560 325 1589 rem
357 1547 553 1588 Ambivio
578 1547 935 1602 pronuntiandum
960 1547 1136 1600 dedisse,
1161 1547 1273 1602 quod
1306 1559 1367 1599 ea,
1398 1560 1526 1602 quam
1550 1551 1641 1588 tum
1664 1560 1789 1601 agen-

238 1607 334 1648 dam
365 1606 549 1660 curabat,
578 1606 720 1648 fabula
750 1612 873 1648 antea
904 1631 959 1637 —-
990 1619 1076 1648 non
1105 1606 1231 1648 modo
1266 1630 1315 1637 —
1351 1605 1415 1648 bis
1446 1614 1594 1648 exacta
1624 1610 1724 1648 erat.

356 1665 407 1707 V.
452 1664 533 1706 His
563 1665 758 1706 omnibus
800 1666 1058 1719 argumentis
1094 1666 1257 1717 reiectis
1294 1678 1429 1706 unum
1466 1669 1619 1717 restat,
1664 1670 1714 1705 ut
1751 1670 1792 1706 et

238 1724 456 1779 Adelphon
490 1730 531 1767 et
561 1723 753 1777 Hecyrae
789 1725 970 1779 priorem
1007 1724 1228 1779 prologum
1264 1723 1422 1766 iudicio
1460 1736 1546 1765 non
1587 1726 1789 1780 occupato

238 1784 537 1824 examinemus.
605 1782 753 1837 Neque
800 1795 898 1824 vero
946 1784 1155 1838 quomodo
1200 1784 1326 1825 verba
1361 1785 1700 1837 interpretemur,
1746 1784 1789 1823 id

238 1843 350 1897 quod
382 1843 490 1883 alius
521 1842 641 1884 aliter
669 1841 786 1895 facit,
833 1843 1069 1897 quaeritur3
1116 1842 1188 1884 sed
1235 1842 1350 1883 aliud
1389 1841 1590 1898 quiddam
1626 1843 1792 1897 insigne

237 1903 596 1956 conspicuumque
627 1906 704 1942 est:
735 1904 838 1956 puto
869 1900 1064 1954 Hecyrae
1095 1902 1276 1956 priorem
1308 1901 1529 1956 prologum
1559 1902 1665 1943 nihil
1696 1914 1792 1943 con-

238 1962 370 2002 tinere
407 1961 490 2002 nisi
526 1964 617 2002 octo
663 1972 829 2014 versus,
874 1960 918 2001 id
965 1960 1077 2015 quod
1122 1960 1173 2002 ab
1212 1960 1408 2002 omnibus
1447 1961 1598 2002 ceteris
1627 1960 1793 2002 Terenti

237 2019 421 2075 prologis
450 2032 621 2075 prorsus
652 2023 715 2061 est
744 2020 941 2062 alienum.
1002 2019 1096 2061 Hoc
1119 2033 1216 2062 cum
1247 2022 1361 2062 viros
1386 2020 1530 2062 doctos
1555 2019 1796 2074 offenderet,

238 2079 281 2119 hi
311 2079 386 2120 vili
416 2078 577 2121 medela
606 2083 808 2134 usurpata
831 2079 1028 2120 lacunam
1058 2082 1306 2121 statuerunt.
1367 2079 1438 2120 Ad
1468 2079 1577 2120 hanc
1607 2082 1793 2121 statuen-

239 2138 335 2179 dam
367 2139 440 2193 qui
478 2139 639 2193 primus
675 2139 1009 2192 recentiorum⁸⁸)
1056 2139 1250 2192 accessit,
1296 2139 1422 2180 huius
1470 2138 1629 2194 prologi
1667 2138 1796 2181 verba

260 2304 276 2337 t
301 2254 401 2338 edit?
426 2255 585 2338 Βριιῖῒυῑς
611 2255 756 2322 ριξειῡεῦοῒ
778 2255 816 2290 in
839 2254 929 2292 Hec.
955 2255 1086 2301 praefi:
1119 2282 1141 2300 „
1169 2283 1176 2291 .
1203 2283 1210 2290 .
1236 2284 1243 2290 .
1269 2256 1342 2291 tota
1373 2255 1508 2291 Graeca
1532 2256 1598 2300 est,
1630 2256 1794 2300 factaque

239 2313 259 2338 Θ
358 2349 401 2393 8’)
419 2313 675 2403 ἶἘΠΒῗίῒεὲῧὲῌ
695 2351 883 2384 comment.
908 2350 947 2383 in
963 2349 1059 2385 Suet.
1085 2350 1193 2385 vitam
1209 2350 1286 2385 Ter.
1314 2350 1605 2389 (Reifferscheidi
1622 2350 1677 2384 ed.
1695 2349 1793 2385 Suet.

239 2396 314 2431 rell.
340 2407 373 2442 p.
402 2397 498 2440 501).
525 2416 569 2422 —
594 2396 777 2432 Dziatzko:
802 2395 893 2432 Mus.
912 2396 1026 2431 Rhen.
1044 2407 1125 2431 nov.
1149 2396 1243 2432 XXI
1259 2408 1292 2442 p.
1311 2396 1368 2440 86,
1387 2396 1555 2431 XXXIX
1572 2407 1604 2441 p.
1630 2396 1700 2432 339
1717 2407 1793 2441 sqq.

238 2443 381 2479 Phorm.
407 2444 483 2479 ed.²
498 2455 530 2489 p.
559 2444 613 2480 13.
639 2443 788 2488 Adelph.
814 2443 869 2479 ed.
894 2455 926 2488 p.
944 2443 1001 2479 91.
1029 2464 1073 2469 -
1098 2444 1276 2479 Amdohr:
1307 2443 1390 2479 diss.
1416 2443 1532 2489 inaug.
1558 2443 1679 2488 (,Prol.
1705 2444 1793 2479 Hec.

238 2490 379 2526 Terent.
404 2501 551 2536 gramm.
577 2490 654 2526 crit.
667 2490 762 2526 hist.
781 2490 916 2526 ratione
934 2491 1219 2536 pertractantur‘.
1245 2490 1470 2527 Francofurti
1487 2491 1531 2526 ad
1547 2490 1667 2526 Viadr.
1688 2491 1795 2527 1873)

239 2549 271 2583 p.
298 2538 344 2574 29
360 2549 412 2584 sq.
440 2559 482 2565 -
509 2538 710 2574 Wilmanns
726 2537 749 2574 1.
767 2537 789 2573 l.
808 2549 840 2584 p.
858 2539 903 2573 47
921 2548 997 2583 sqq.
1024 2558 1066 2564 —
1093 2538 1249 2574 Karsten
1265 2537 1288 2574 l.
1308 2549 1336 2574 s.
1354 2549 1381 2574 s.
1399 2550 1433 2584 p.
1455 2538 1521 2575 1¹78
1537 2549 1613 2584 sqq.
1640 2558 1683 2564 —-
1702 2538 1794 2574 Leo:

238 2585 329 2667 elau}
355 2586 577 2668 Rl3e7n.nno2v.
602 2585 804 2621 XXXVIII
828 2597 862 2630 p.
888 2586 956 2620 317
982 2596 1058 2630 sqq.
1091 2586 1207 2631 (impr.
1226 2597 1259 2631 p.
1277 2586 1374 2630 324).
1401 2606 1445 2612 -
1471 2585 1625 2621 Hauler:
1651 2586 1794 2621 Phorm.

287 2658 295 2667 ’
338 2643 400 2724 pt3¹)
426 2661 532 2714 nme:
556 2661 692 2726 'quaest
706 2679 857 2717 Terent.
882 2679 965 2715 diss.
997 2679 1113 2726 inaug.
1145 2680 1259 2716 Bona.
1294 2680 1385 2716 1843
1417 2680 1542 2726 (thesis
1569 2681 1637 2726 16).
1664 2701 1710 2708 -
1742 2681 1798 2716 Ita
