2067 3311
892 127 1185 170 ...25-

265 246 450 294 dandum
487 246 558 301 sit,
594 246 706 302 quod
744 246 871 288 nimis
908 244 1130 300 diligenter
1160 243 1367 287 Graecum
1398 245 1614 300 exemplar
1644 243 1819 287 volvens

264 318 313 347 ea
349 318 520 360 quoque
556 307 697 360 vertit,
734 317 843 361 quae
878 318 904 346 a
939 304 1065 346 rebus
1095 303 1295 346 Romanis
1324 317 1497 360 prorsus
1527 303 1818 347 abhorrebant.

263 363 361 406 Huc
391 368 577 419 spectare
607 365 816 417 videntur,
854 366 1060 418 quantum
1091 364 1286 418 cognosci
1314 368 1462 419 potest,
1498 367 1635 406 cetera
1665 363 1819 414 omnia,

265 428 311 465 ut
336 422 488 466 Heaut.
512 423 614 479 prol.
639 437 707 466 vv.
729 422 884 480 31J32:
911 419 1019 476 „Qui
1047 435 1182 478 nuper
1205 422 1301 465 fecit
1324 435 1445 465 servo
1469 423 1654 465 currenti
1679 423 1724 463 in
1750 422 1818 463 via

475 481 654 526 Decesse
683 481 978 538 populum“.⁵⁸)

385 541 491 584 Eun.
499 542 699 598 prol.v.10
710 554 819 596 sqq.:
832 540 998 595 „Atque
1007 541 1052 582 in
1061 539 1302 583 Thensauro
1312 542 1488 596 scripsit,
1498 554 1668 583 causam
1680 541 1818 583 dicere

476 601 600 643 Prius
631 601 744 643 unde
772 601 941 655 petitur,
971 612 1124 642 aurum
1155 613 1238 656 qua
1268 613 1313 643 re
1343 601 1398 642 sit
1426 613 1560 654 suom,

477 659 613 710 Quam
644 660 732 702 illic
763 660 838 715 qui
867 659 982 715 petit,
1012 659 1125 701 unde
1154 661 1192 702 is
1222 661 1277 702 sit
1305 660 1559 702 thensaurus
1589 659 1670 702 sibi

474 720 565 761 Aut
594 719 708 760 unde
737 719 782 759 in
812 716 996 773 patrium
1026 722 1344 760 monumentum
1376 719 1646 773 pervenerit‘fl

381 777 540 820 Eodem
571 778 780 833 pertinere
808 776 987 819 arbitror
1015 777 1072 830 id,
1102 778 1215 832 quod
1238 777 1456 819 Terentius
1487 777 1588 819 dicit
1616 778 1662 818 in
1686 777 1818 819 Phor-

263 837 414 879 mionis
445 836 616 892 prologo
647 836 702 889 (v.
734 835 761 876 6
792 834 919 892 sqq.):

473 894 609 951 „Quia
639 908 851 950 nusquam
882 897 1078 937 insanum
1111 896 1276 950 scripsit
1307 894 1670 937 adulescentulum

476 953 653 1005 Cervam
683 954 827 996 videre
842 953 1001 1008 ,fugere
1030 958 1072 995 et
1101 956 1251 996 sectari
1281 966 1407 996 canes

473 1012 530 1054 Et
559 1025 651 1055 eam
680 1013 856 1068 plorare,
886 1025 1004 1055 orare
1036 1016 1083 1055 ut
1111 1012 1334 1055 subveniat
1363 1013 1535 1067 sibi“.⁵⁴)

380 1071 589 1127 Reliquus
620 1075 684 1114 est
713 1071 911 1113 Eunuchi
940 1071 1103 1127 prologi
1133 1084 1280 1114 versus
1314 1072 1357 1113 9:

276 1131 418 1183 „Idem
444 1130 549 1185 (scil.
571 1134 704 1185 ,poeta
724 1132 872 1182 vetus‘)
899 1130 1120 1172 Menandri
1144 1130 1326 1173 Phasma
1350 1144 1465 1172 nunc
1489 1143 1623 1185 nuper
1647 1130 1797 1183 dedit“,

265 1201 391 1243 quem
415 1201 585 1231 versum
610 1201 708 1230 cum
733 1201 819 1230 non
843 1188 1123 1243 intellegatur,
1147 1201 1224 1230 cur
1245 1188 1464 1230 Terentius
1488 1188 1614 1230 Lusci
1640 1188 1820 1230 Phasma

263 1247 586 1302 reprehenderit,
610 1248 862 1290 coniecturis
886 1247 1006 1290 factis
1029 1248 1110 1289 viri
1132 1248 1242 1290 docti
1262 1248 1526 1303 interpretari
1546 1247 1817 1299 studuerunt3

264 1307 387 1347 sicuti
419 1306 556 1348 Bothe
584 1307 802 1360 ingeniose
832 1310 1065 1361 proposuit:

475 1363 617 1419 „Idem
648 1363 870 1406 Menandri
894 1364 1076 1406 Phasma
1105 1377 1241 1420 nuper
1269 1364 1537 1420 perdidit“.⁵⁵)

386 1422 439 1465 Et
467 1423 646 1477 Bentley
676 1427 724 1466 ut
753 1425 798 1465 in
829 1423 944 1466 hunc
974 1436 1144 1466 versum
1174 1424 1285 1466 idem
1318 1424 1466 1465 vitium
1500 1423 1676 1477 caderet,
1708 1423 1819 1477 quod

266 1480 484 1524 Terentius
514 1481 654 1524 verbis
685 1482 1028 1524 antecedentibus
1059 1483 1115 1536 (v.
1144 1483 1183 1535 7)
1214 1488 1430 1535 memorat,
1459 1483 1656 1524 mutavit:
1690 1481 1820 1535 „Item

268 1544 314 1582 ut
338 1540 556 1583 Menandri
577 1541 758 1583 Phasma
782 1554 899 1583 nunc
919 1554 1053 1597 nuper
1072 1542 1220 1584 dedit“.
1265 1540 1458 1596 Denique
1478 1540 1820 1583 Herrmanowski

267 1600 307 1652 (Ι.
338 1612 369 1641 s.
401 1612 433 1641 8.·
464 1613 501 1655 p.
536 1600 575 1652 9)
616 1612 712 1642 cum
752 1600 866 1642 hunc
907 1613 1079 1643 versum
1113 1612 1280 1642 arenam
1319 1601 1410 1642 sine
1446 1600 1558 1642 calce
1594 1612 1685 1642 esse
1721 1612 1819 1641 cum

267 1658 459 1700 Bentleio
484 1662 683 1711 censeret,
707 1671 876 1701 versum
901 1660 929 1700 4
955 1671 1010 1701 ex
1033 1658 1498 1700 Heautontimorumeni
1524 1658 1695 1713 prologo
1715 1659 1819 1713 peti·

266 1721 356 1759 tum
388 1718 472 1760 huc
502 1718 679 1767 traiecit:

478 1777 568 1831 „Ex
599 1777 761 1832 integra
787 1776 956 1819 Graeca
974 1755 1181 1833 integram
1205 1777 1499 1820 comoediam“.

386 1835 467 1878 Sed
493 1836 571 1878 hae
595 1837 857 1878 coniecturae
887 1848 1032 1878 omnes
1061 1849 1233 1891 prorsus
1263 1835 1501 1891 superfluae
1531 1840 1642 1878 sunt.
1690 1834 1822 1889 Certe,

384 1928 427 1972 68)
460 1928 514 1964 De
551 1929 665 1964 servis
702 1928 926 1964 currentibus
963 1929 1010 1964 cf.
1034 1929 1219 1964 Bentleius
1255 1930 1299 1965 ad
1328 1930 1364 1964 h.
1389 1929 1412 1964 l.
1438 1929 1491 1971 (in
1521 1929 1674 1964 editione
1705 1929 1822 1964 denuo

266 1977 389 2011 curata
413 1974 457 2010 ab
480 1976 544 2011 Ed.
558 1975 774 2011 Vollbehrio.
823 1975 937 2011 Kiliae
964 1976 1080 2016 1846).
1108 1996 1150 2002 -
1177 1976 1332 2011 Becker·
1333 1976 1425 2011 Rein
1450 1977 1487 2011 in
1512 1975 1822 2021 ,Ga110‘⁸1p.49.

341 2022 484 2068 Kriiger
513 2023 556 2058 ad
581 2023 706 2058 Horati
737 2023 838 2068 epist.
864 2023 911 2068 II,
938 2025 970 2067 1,
997 2024 1076 2059 174.
1103 2044 1147 2049 -
1173 2024 1368 2059 Roehricht
1391 2035 1423 2069 p.
1451 2024 1496 2059 35
1521 2033 1573 2068 sq.
1604 2023 1711 2068 (Diss.
1717 1987 1821 2068 pphil.

264 2071 348 2115 Arg.
366 2069 422 2105 IX
440 2080 473 2115 p.
491 2070 559 2105 327
578 2071 655 2116 sq..)
675 2090 717 2096 —
737 2070 888 2106 Fabial.
907 2081 935 2105 8.
952 2081 981 2106 8.
999 2082 1032 2117 p.
1050 2070 1131 2105 274.
1150 2091 1196 2096 —
1213 2070 1301 2107 Cum
1328 2071 1423 2106 enim
1448 2081 1593 2106 servum
1618 2071 1823 2106 currentem

265 2127 451 2162 personam
475 2081 740 2152 usitatissimam
764 2116 904 2153 fabulae
929 2117 1090 2163 palliatae
1116 2128 1195 2153 esse
1221 2119 1360 2153 constet
1385 2118 1445 2162 (cf.
1472 2117 1599 2153 Heaut.
1620 2117 1707 2163 prol.
1727 2128 1761 2152 v.
1776 2118 1820 2153 37

266 2165 303 2199 et
334 2164 424 2200 Eun.
462 2164 548 2210 prol.
586 2176 619 2200 v.
652 2164 729 2210 36),
763 2164 869 2200 Lusci
904 2164 1030 2200 vitium
1064 2167 1125 2200 aut
1160 2165 1197 2200 in
1234 2166 1427 2209 „decesse“
1464 2165 1582 2200 inesse
1620 2164 1727 2200 debet
1763 2166 1824 2200 aut

266 2212 461 2247 concedere
494 2212 665 2247 debemus
701 2222 783 2256 nos,
816 2223 881 2247 cur
903 2212 1089 2248 Terentius
1113 2213 1220 2248 Lusci
1254 2212 1407 2248 fabulam
1446 2223 1562 2258 nuper
1591 2213 1704 2247 actam
1729 2213 1763 2247 h.
1791 2223 1821 2247 e.

266 2259 427 2294 omnibus
463 2259 720 2304 spectatoribus
757 2261 875 2294 notam
914 2260 1201 2305 reprehenderit,
1238 2271 1334 2295 nunc
1359 2271 1430 2294 non
1454 2259 1675 2305 intellegere.
1724 2259 1822 2294 Haec

264 2306 373 2351 igitur
395 2305 501 2341 Lusci
531 2305 653 2341 fabula
676 2317 757 2342 cum
782 2317 913 2352 nuper·
921 2309 1104 2352 ageretm,
1141 2306 1271 2352 aliquid
1295 2307 1430 2342 factum
1455 2317 1534 2342 esse
1560 2307 1717 2349 videtur,
1754 2317 1824 2351 quo

265 2353 323 2387 hic
347 2352 504 2387 omnium
528 2353 683 2388 irrisioni
706 2353 827 2389 fieret.
877 2353 963 2397 Hoc,
990 2354 1082 2398 quod
1106 2364 1229 2389 omnes
1246 2355 1463 2399 spectatores
1482 2356 1558 2388 tum
1574 2353 1668 2389 haud
1684 2353 1823 2398 ignora-

267 2399 360 2444 bant,
384 2399 636 2538 ffizrffitgugupg
660 2399 1437 2494 {ffigoegcagtriaemmimfficoeigeleszezgfflgaranda,
1462 2448 1497 2483 id
1522 2447 1614 2493 quod
1629 2447 1824 2483 Roehricht

266 2494 289 2528 l.
314 2503 343 2529 8.
369 2504 396 2528 8.
482 2494 528 2529 35
553 2494 718 2539 (Dissert.
743 2494 828 2548 phil.
853 2496 938 2540 Arg.
961 2495 1018 2530 IX
1041 2506 1075 2540 p.
1093 2495 1177 2539 327)
1201 2496 1300 2539 fecit,
1326 2506 1369 2531 ea
1392 2506 1531 2539 scaena,
1556 2505 1660 2539 quam
1677 2494 1825 2530 Plautus

265 2542 307 2577 ut
328 2540 497 2587 populum
520 2540 727 2587 delectaret,
750 2541 788 2577 in
813 2541 1055 2578 Menaechmis
1085 2543 1132 2589 (v.
1158 2542 1230 2578 834
1253 2552 1318 2588 sqq
1295 2543 1344 2588 q.)
1370 2541 1547 2587 praebuit:
1572 2542 1707 2577 etenim
1731 2542 1824 2587 apud

265 2588 429 2625 Plautum
441 2588 696 2625 Menaechmus
708 2600 788 2625 sese
801 2590 956 2625 insanire
971 2589 1077 2635 fingit
1088 2591 1149 2636 (cf.
1152 2601 1185 2625 v.
1197 2589 1266 2626 832
1278 2593 1358 2635 sqq)
1370 2600 1443 2626 non
1454 2599 1599 2625 insanus
1612 2591 1683 2634 est3
1701 2591 1828 2626 contra

265 2636 398 2671 maiore
420 2636 498 2671 iure
521 2636 705 2681 provocari
729 2638 848 2681 potest
868 2637 912 2672 ad
935 2636 1081 2672 Mercat.
1105 2637 1150 2680 V,
1176 2639 1206 2672 1.
1227 2637 1249 2671 2
1287 2638 1349 2681 (cf.
1368 2637 1511 2672 Fabial.
1529 2647 1557 2671 8.
1575 2647 1603 2671 8.
1605 2648 1639 2682 p.
1656 2618 1726 2672 2’77
1744 2639 1823 2683 sq.).

385 2682 429 2729 ⁸⁸)
454 2682 524 2719 Sed
547 2682 624 2719 aliis
649 2694 789 2729 quoque
809 2683 895 2720 locis
912 2694 1031 2731 „nunc
1049 2685 1187 2731 1111119144
1203 2682 1349 2732 legitur;
1387 2684 1433 2720 cf
1450 2682 1589 2720 Trucul
1609 2683 1695 2729 397·;
1721 2683 1823 2730 Apul.

266 2731 409 2767 Metam.
436 2731 490 2767 IX
515 2741 589 2777 cap.
614 2731 715 2767 XV1
