2067 3311
858 93 1150 134 -55-

231 212 405 268 eiusque
434 212 573 264 rebus,
603 224 629 251 a
659 222 697 252 v,
722 209 779 251 35
811 209 863 252 de
893 221 939 252 se
968 210 1058 266 ipse
1087 209 1285 265 loquitur.
1348 208 1459 251 Petit
1488 222 1513 250 a
1543 210 1784 265 spectatori-

230 269 322 324 bus,
361 274 408 312 ut
438 270 548 311 hanc
576 267 761 309 fabulam
792 268 957 310 silentio
988 271 1192 323 spectent,
1229 271 1279 309 ut
1307 268 1389 309 sibi
1419 268 1542 309 liceat
1571 269 1783 309 statariam

230 341 362 384 agere.
423 327 590 369 Etenim
622 331 778 369 ceteras
808 326 971 369 fabulas
1000 326 1250 382 plerumque
1280 327 1478 368 motorias
1509 338 1611 379 esse,
1647 327 1705 368 ita
1738 331 1785 368 ut

231 387 311 429 sibi
340 389 478 442 partes
502 384 616 428 servi
640 386 858 438 currentis,
887 386 983 427 irati
1008 387 1132 439 senis,
1163 386 1321 428 similes
1345 385 1532 441 agendae
1556 386 1652 427 sint.
1698 385 1785 427 Sua

230 446 363 501 ipsius
392 445 521 498 igitur
551 456 678 485 causa
707 445 800 486 sese'
822 444 901 486 hoc
923 447 1063 499 petere
1087 458 1112 486 a
1136 445 1450 499 spectatoribus,
1481 457 1566 486 non
1590 457 1616 485 a
1639 445 1784 499 poetis,

232 505 385 558 quippe
423 503 496 557 qui
534 502 614 543 sibi
650 502 760 544 solas
789 502 953 544 fabulas
982 502 1209 545 laboriosas
1240 503 1437 545 deferant.
1498 502 1784 558 Sequentibus

230 560 421 603 versibus
446 562 500 615 (v.
522 562 580 602 48
605 563 724 616 sqq.),
765 574 849 616 quo
873 562 966 603 iure
990 562 1042 603 ad
1067 565 1317 617 spectatores
1341 574 1387 603 se
1407 565 1553 614 vertat,
1593 562 1784 616 exponit:

230 631 463 674 numquam
503 631 594 661 sese
630 619 672 660 id
710 623 946 674 spectasse,
976 624 1023 661 ut
1059 621 1147 675 ipse
1184 633 1311 675 quam
1347 620 1582 661 maximum
1618 620 1785 661 lucrum

231 681 412 733 caperet,
454 678 526 719 sed
564 677 760 720 omnibus
795 678 1053 733 temporibus
1089 679 1273 720 voluisse
1309 678 1467 720 servire
1503 682 1785 733 spectatorum

231 737 469 779 commodis.
538 735 631 779 Hoc
668 750 763 778 cum
801 738 859 779 ita
894 738 968 791 sit,
1006 737 1087 779 sibi
1121 737 1290 779 faveant
1325 736 1394 779 vel
1429 749 1478 779 eo
1508 737 1701 790 consilio,
1739 741 1786 778 ut

231 795 303 836 alii
342 799 500 837 actores
535 795 854 848 adulescentuli,
891 797 964 851 qui
995 796 1139 851 populi
1169 796 1398 838 commodis
1428 796 1629 850 neglectis
1659 809 1784 837 suum

231 853 396 896 lucrum
429 857 643 909 quaerant,
674 866 912 896 successum
937 854 1233 909 fortunamque
1258 855 1491 896 scaenicum
1515 866 1644 909 penes
1669 866 1785 909 spec—

230 916 383 954 tatores
416 925 507 954 esse
535 913 790 967 intellegant,

350 969 557 1012 Omnibus
604 972 733 1026 igitur
781 972 845 1013 his
897 971 1088 1013 versibus
1133 971 1357 1013 Ambivius
1406 971 1458 1013 de
1499 984 1544 1013 se
1598 972 1786 1026 loquitur

231 1030 366 1085 deque
396 1042 473 1073 suo
504 1031 654 1073 actoris
685 1029 822 1072 officio
853 1034 979 1086 atque
1007 1029 1173 1083 labore,
1207 1042 1332 1086 quem
1357 1029 1544 1072 laborem
1568 1033 1616 1072 ut
1646 1030 1783 1071 minu-

231 1094 316 1142 ant,
346 1092 595 1144 spectatores
627 1093 727 1132 orat.
771 1089 940 1132 Etenim
966 1102 1010 1131 se
1035 1091 1172 1145 ipsum
1194 1090 1300 1130 nihil
1325 1103 1493 1131 curasse
1523 1090 1607 1131 nisi
1637 1102 1782 1131 eorum

230 1149 447 1191 commoda
476 1161 613 1204 neque
647 1161 848 1204 umquam
876 1148 920 1191 id
950 1149 1109 1203 fecisse,
1152 1149 1266 1204 quod
1308 1149 1379 1190 alii
1422 1153 1582 1191 actores
1618 1148 1783 1202 faciant,

191 1213 193 1215 '
232 1210 306 1262 qui
349 1221 473 1249 suum
510 1209 698 1263 ipsorum
741 1212 962 1263 quaestum
1004 1211 1225 1251 sectentur.
1286 1208 1500 1251 Sermonis
1538 1221 1689 1250 sensus
1720 1212 1784 1250 est

230 1267 476 1322 perspicuus
506 1271 548 1308 et
585 1267 804 1308 dilucidus.
868 1267 934 1308 Ex
964 1280 1030 1308 vv.
1063 1265 1190 1322 51s2,
1233 1266 1388 1322 quibus
1431 1267 1483 1309 de
1525 1267 1619 1308 aliis
1656 1267 1784 1308 verba

230 1326 339 1379 facit,
371 1327 445 1380 qui
475 1325 556 1367 sibi
585 1326 748 1381 placere
772 1326 937 1367 malunt
967 1340 1094 1380 quam
1124 1325 1291 1380 populo,
1321 1327 1557 1368 necessario
1589 1325 1782 1379 efficitur,

230 1388 278 1426 ut
308 1384 533 1426 Ambivius
564 1397 608 1426 se
638 1385 794 1439 populo
826 1385 958 1439 magis
989 1385 1147 1426 servire
1177 1384 1344 1426 studere
1376 1398 1504 1440 quam
1543 1384 1624 1426 sibi
1661 1388 1785 1426 antea

231 1444 393 1485 dixerit.
456 1442 578 1492 Quod
608 1456 653 1484 re
682 1456 781 1485 vera
811 1443 1003 1485 versibus
1039 1444 1140 1496 illis,
1178 1443 1229 1485 de
1266 1443 1421 1498 quibus
1452 1444 1609 1498 agitur,
1647 1441 1782 1500 48s50

230 1502 383 1544 factum
418 1507 490 1544 est.
551 1501 608 1544 Hi
647 1503 776 1557 igitur
817 1515 965 1544 versus
1002 1515 1085 1544 non
1124 1502 1249 1544 modo
1280 1502 1332 1544 ab
1364 1502 1442 1544 hoc
1471 1502 1563 1544 loco
1594 1515 1678 1544 non
1710 1501 1783 1543 ab·

231 1562 411 1615 horrent,
453 1561 526 1602 sed
572 1562 695 1602 etiam
739 1562 789 1602 ad
821 1575 889 1605 vv.
923 1562 975 1602 51
1010 1565 1051 1603 et
1082 1562 1137 1602 52
1180 1564 1290 1603 recte
1321 1562 1608 1616 percipiendos
1640 1574 1782 1603 neces-

230 1621 328 1662 sarii
359 1624 469 1662 sunt.

349 1678 502 1720 Contra
537 1680 579 1719 in
613 1678 804 1732 Hecyrae
845 1679 1016 1734 prologo
1058 1679 1102 1719 hi
1143 1691 1290 1720 versus
1333 1680 1411 1720 etsi
1452 1678 1551 1720 ferri
1594 1682 1782 1733 possunt,

229 1742 367 1779 tamen
411 1738 463 1779 ad
506 1741 749 1779 contextum
790 1750 931 1778 rerum
974 1750 1023 1778 ac
1065 1736 1289 1779 verborum
1332 1738 1506 1779 minime
1557 1738 1782 1779 necessarii

230 1800 340 1839 sunt.
384 1796 530 1851 Neque
561 1796 861 1850 Amdohrius‚²)
894 1797 968 1850 qui
998 1809 1146 1838 versus
1176 1797 1274 1837 huic
1298 1796 1468 1851 prologo
1493 1796 1783 1837 attribuendos

230 1868 321 1897 esse
372 1855 546 1910 probare
588 1855 745 1908 studet,
788 1856 1016 1910 quicquam
1048 1856 1284 1909 argumenti
1314 1854 1494 1910 profert3
1539 1855 1639 1896 dicit
1669 1856 1782 1896 enim

231 1915 336 1956 nihil
366 1915 448 1956 nisi
480 1914 603 1957 haec:
634 1926 806 1969 „versus
830 1926 906 1955 cur
935 1914 1078 1956 minus
1107 1915 1151 1955 in
1183 1914 1296 1955 hunc
1326 1915 1545 1970 prologum
1577 1914 1783 1969 quadrare

229 1974 462 2026 videantur,
494 1986 580 2014 non
610 1972 742 2014 habeo
774 1973 946 2014 dicere“.
1117 2027 1120 2029 ,

348 2033 523 2074 Accedit
564 2032 643 2073 hoc
685 2032 886 2073 alterum:
939 2031 1182 2074 Terentium
1229 2032 1275 2072 in
1324 2032 1507 2087 prologis
1551 2032 1783 2073 scribendis

229 2091 377 2147 figuris
397 2092 613 2132 rhetoricis
634 2090 843 2132 uberrime
863 2104 987 2132 usum
1010 2103 1101 2133 esse
1122 2090 1241 2143 Leo⁸)
1262 2104 1396 2145 nuper
1412 2091 1604 2133 ostendit.
1650 2090 1783 2146 Legas

230 2154 369 2193 autem
402 2162 556 2206 quaeso
588 2149 738 2192 Heaut.
769 2150 870 2205 prol.
902 2163 969 2190 vv.
994 2150 1187 2191 48-52:

443 2210 512 2264 „Si
543 2223 772 2265 numquam
805 2222 928 2252 avare
958 2210 1139 2265 pretium
1170 2209 1327 2251 statui
1357 2209 1434 2251 arti
1466 2220 1583 2251 meae

443 2270 498 2311 Et
527 2282 623 2312 eum
655 2282 745 2310 esse
771 2274 991 2324 quaestum
1016 2270 1059 2310 in
1090 2270 1278 2311 anim‘um
1303 2269 1455 2310 induxi
1479 2282 1784 2322 maxumum,

445 2328 580 2378 Quam
611 2341 843 2370 maxume
871 2331 1040 2372 servire
1068 2331 1229 2372 vostris
1258 2330 1522 2372 commodis:

442 2387 695 2442 Exemplum
727 2388 937 2429 statuite
966 2388 1011 2428 in
1043 2401 1122 2441 me,
1152 2392 1200 2429 ut
1229 2387 1531 2429 adulescentuli

443 2449 569 2489 Vobis
591 2450 772 2501 placere
801 2446 997 2487 studeant
1025 2448 1166 2501 potius
1197 2459 1322 2501 quam
1355 2446 1469 2488 sibi“.

351 2505 439 2547 Has
464 2506 569 2546 duas
592 2505 761 2559 figuras,
785 2506 821 2546 si
846 2504 940 2546 illos
961 2517 1108 2546 versus
1133 2506 1211 2547 hoc
1232 2518 1287 2546 ex
1310 2506 1398 2546 loco
1419 2505 1600 2557 eieceris,
1624 2505 1783 2559 perdes.

234 2565 388 2607 Contra
417 2564 531 2619 legas
562 2564 647 2606 illis
677 2563 868 2606 versibus
900 2564 1065 2605 omissis
1095 2563 1196 2605 Hec.
1227 2565 1328 2619 prol.
1361 2577 1425 2604 vv.
1453 2563 1639 2618 38-40,
1670 2564 1745 2604 44:

350 2646 377 2689 2)
401 2645 484 2680 diss.
508 2645 625 2691 inaug.
651 2656 685 2691 p.
705 2645 747 2680 19
772 2655 848 2690 sqq.

351 2693 378 2739 8)
401 2693 502 2729 Anal.
528 2692 641 2729 Plaut.
666 2692 703 2728 11
727 2703 761 2738 p.
781 2693 824 2728 15
849 2702 925 2738 sqq.
