2067 3311
881 204 952 228 ‘—
1015 198 1187 240 12—

473 315 633 370 „Vetus
663 315 700 358 si
731 317 857 371 poeta
884 328 968 358 non
999 316 1233 359 lacessisset
1263 317 1386 373 prior,

473 374 677 418 Nullum
710 376 942 418 invenire
972 376 1234 432 prologum
1265 379 1433 432 posset
1462 389 1655 432 novos,·

474 433 610 485 Quem
641 435 807 488 diceret,
838 436 920 477 nisi
951 435 1134 490 haberet,
1164 437 1232 478 cui
1263 436 1371 478 male
1405 436 1591 479 diceret“.

379 495 420 545 d)
453 493 646 548 Denique
677 506 824 535 versus
856 495 1050 536 31--33:

473 552 562 606 „Ne
592 553 718 595 simili
752 555 919 595 utamur
948 552 1116 596 fortuna
1146 557 1273 610 atque
1305 554 1369 596 usi
1400 566 1547 596 sumus

475 611 610 662 Quom
641 624 717 667 per
746 612 975 654 tumultum
1007 617 1150 655 noster
1178 626 1283 668 grex
1313 619 1452 656 motus
1482 613 1630 656 locost:

474 669 610 721 Quem
640 671 791 713 actoris
820 672 956 713 virtus
987 672 1108 714 nobis
1138 673 1319 715 restituit
1348 673 1511 714 locum“
1541 685 1603 728 sq.

260 735 507 783 argumento
532 733 632 771 sunt
652 733 748 771 ante
767 729 1061 772 Phormionem
1084 731 1189 773 duas
1210 732 1431 772 minimum
1453 732 1636 774 actiones
1655 731 1815 773 fabula-

259 801 354 829 rum
370 788 717 830 Terentianarum
733 788 862 830 factas
877 801 980 841 esse,
997 802 1178 843 quarum
1196 803 1280 831 una
1296 794 1443 831 exacta
1457 794 1531 842 est,
1547 790 1676 831 altera
1690 790 1815 832 stetit.

378 849 416 889 5.
452 847 654 889 Venimus
688 847 739 889 ad
767 847 1103 900 Adelphorum
1136 848 1367 903 prologum,
1400 861 1523 904 quem
1555 848 1607 891 ad
1638 849 1815 904 primam

258 907 445 948 omnium
471 905 636 948 Terenti
666 905 849 948 fabulam
881 911 1067 962 spectare
1098 920 1183 949 non
1214 920 1335 963 posse
1365 911 1534 964 apparet
1554 920 1608 950 ex
1628 920 1667 949 v.
1686 908 1708 949 1
1732 920 1812 964 sq.:

472 965 725 1021 „Postquam
756 970 876 1021 poeta
907 967 1066 1008 sensit
1095 968 1344 1022 scripturam
1375 980 1495 1009 suam

471 1025 539 1066 Ab
570 1027 729 1080 iniquis
761 1025 973 1068 observari
1004 1026 1103 1068 etc“.

376 1083 540 1125 Deinde
576 1096 674 1125 eum
711 1085 947 1139 complures
983 1089 1106 1126 antea
1147 1084 1309 1127 fabulas
1340 1085 1531 1127 docuisse
1561 1085 1815 1127 concluseris

257 1156 312 1185 ex
338 1156 375 1184 v.
404 1143 458 1184 15
485 1156 566 1198 sq.:
605 1142 739 1196 „Nam
776 1143 888 1198 quod
925 1144 995 1185 isti
1033 1143 1178 1185 dicunt
1213 1143 1411 1197 malivoli,
1449 1144 1637 1185 homines
1662 1142 1813 1185 nobilis

470 1202 579 1243 Eum
613 1203 801 1243 adiutare
832 1203 1134 1257 adsidueque
1166 1216 1251 1244 una
1280 1203 1461 1244 scribere
1492 1234 1501 1243 .
1532 1234 1541 1244 .
1574 1203 1607 1244 .“

377 1261 414 1303 6.
449 1261 659 1313 Hecyrae
693 1263 855 1314 priore
890 1260 1093 1315 prologo
1125 1261 1325 1317 probatur

471 1321 680 1374 Hecyram
714 1325 836 1362 antea
866 1322 935 1376 agi
965 1326 1153 1376 coeptam
1185 1334 1276 1363 esse
1307 1321 1361 1376 (v,
1398 1322 1417 1361 1
1452 1321 1572 1376 sqq.)‚

470 1380 573 1421 alias
595 1392 763 1435 quoque
783 1380 948 1422 Terenti
970 1379 1132 1421 fabulas
1153 1384 1265 1422 actas
1286 1392 1377 1422 esse
1397 1384 1439 1422 et
1457 1380 1664 1435 placuisse
1685 1379 1741 1434 (v.
1758 1379 1813 1433 8).

380 1439 416 1481 7.
448 1437 641 1495 Denique
673 1451 729 1480 ex
765 1439 977 1491 Hecyrae
1004 1438 1206 1492 prologo
1233 1439 1389 1481 altero
1414 1439 1705 1495 cognoscimus
1728 1437 1814 1480 He-

258 1512 403 1552 cyram
434 1498 498 1539 bis
529 1503 650 1540 antea
680 1503 870 1540 exactam
901 1511 1002 1540 esse.

378 1557 670 1600 Conclusio:
709 1557 776 1599 Ex
812 1558 989 1612 singulis
1025 1558 1155 1611 igitur
1190 1558 1392 1613 prologis,
1430 1561 1476 1599 ut
1507 1558 1647 1599 omnia
1677 1557 1814 1602 adhuc

259 1617 451 1671 exposita
487 1616 901 1671 comprehendamus,
938 1629 1020 1657 non
1055 1617 1186 1657 multa
1216 1617 1269 1657 ad
1299 1629 1445 1657 verum
1476 1616 1744 1670 prologorum
1774 1620 1815 1656 et

257 1675 495 1718 fabularum
534 1675 723 1717 ordinem
760 1676 1008 1731 pertinentia
1051 1675 1198 1717 lucrati
1228 1688 1386 1717 sumus.
1433 1674 1577 1717 Unum
1607 1687 1705 1717 vero
1735 1675 1815 1717 hoc

258 1736 413 1776 summi
450 1738 513 1776 est
549 1736 769 1776 momenti:
809 1736 1084 1790 cognovimus
1121 1735 1306 1776 Andriae
1338 1734 1569 1789 prologum,
1608 1738 1813 1790 quantum

258 1806 312 1835 ex
352 1794 431 1835 hoc
468 1794 557 1835 solo
594 1794 780 1836 iudicare
816 1806 1058 1848 possumus,
1101 1795 1288 1835 omnium
1327 1793 1594 1848 prologorum
1630 1794 1814 1849 primum

257 1865 358 1904 esse,
391 1866 474 1907 qua
504 1865 549 1893 re
580 1854 745 1904 cognita
777 1853 944 1893 initium
975 1853 1242 1907 prologorum
1273 1852 1395 1894 seriei
1419 1852 1670 1894 invenimus.
1717 1851 1814 1894 Huc

256 1911 416 1952 accedit
452 1911 578 1952 aliud.
626 1912 792 1952 Scimus
829 1911 940 1952 enim
977 1912 1159 1965 primum
1189 1910 1427 1952 Terentium
1465 1910 1530 1953 bis
1560 1911 1814 1952 calamitates

255 1971 462 2024 accepisse
486 1970 544 2022 (et
568 1983 665 2011 cum
685 1969 852 2022 Hecyra
875 1970 1057 2024 primum
1078 1975 1119 2011 et
1139 1982 1237 2011 cum
1256 1970 1409 2010 iterum
1428 1969 1647 2022 ageretur),
1663 1968 1813 2011 deinde

257 2029 362 2070 duos
393 2028 558 2070 Terenti
592 2029 797 2083 prologos,
828 2033 869 2070 et
893 2027 1359 2070 Heautontimorumeni
1390 2031 1432 2070 et
1454 2026 1647 2082 Hecyrae
1675 2027 1813 2084 prolo-
1870 2038 1876 2041 ·

253 2101 354 2141 gum
394 2088 591 2140 alterum,
629 2087 680 2128 ab
717 2088 809 2142 ipso
847 2088 1016 2129 domino
1046 2089 1184 2142 gregis
1213 2087 1505 2143 pronuntiatos
1535 2099 1636 2129 esse.
1697 2086 1813 2129 Haec

254 2159 350 2188 cum
382 2148 542 2188 ratione
573 2150 684 2188 certe
714 2147 824 2188 inter
854 2159 899 2187 se
924 2147 1184 2199 cohaereant,
1214 2159 1380 2188 summa
1405 2158 1503 2187 cum
1529 2145 1812 2187 verisimilitu-

254 2206 352 2246 dine
377 2206 568 2259 scquitur
592 2206 789 2260 primum,
815 2210 862 2246 ut
880 2204 1385 2247 Heautontimorumenos
1410 2204 1529 2245 nulla
1547 2204 1629 2245 alia
1646 2203 1810 2245 Terenti

252 2264 395 2305 fabula
417 2265 653 2306 intermissa
674 2269 768 2319 post
785 2263 976 2317 Hecyrae
998 2265 1174 2319 primam
1193 2264 1398 2306 actionem
1417 2267 1509 2305 acta
1524 2263 1647 2315 sit,²¹)
1665 2262 1813 2305 deinde

253 2328 300 2363 ut
317 2322 511 2375 Hecyrae
535 2324 657 2363 tertia
677 2324 784 2363 actio
805 2322 1033 2364 secundam
1055 2323 1276 2376 exceperit.
1323 2326 1381 2362 At
1395 2321 1614 2366 Terentius
1634 2322 1811 2363 alterum

252 2380 444 2435 Hecyrae
474 2381 693 2437 prologum
727 2380 779 2423 ob
811 2393 903 2423 eam
934 2381 1064 2423 solam
1097 2393 1184 2423 rem
1211 2380 1291 2436 ipsi
1317 2379 1514 2423 Ambivio
1538 2380 1812 2435 pronuntian-

252 2440 354 2480 dum
376 2440 557 2491 tradidit,
580 2441 692 2494 quod
714 2440 859 2481 eadem
880 2440 1022 2481 fabula
1043 2445 1164 2481 antea
1190 2463 1242 2470 —-
1264 2440 1439 2481 fortasse
1459 2440 1591 2480 multo
1612 2443 1734 2481 antea
1756 2464 1810 2470 --

252 2498 316 2540 bis
354 2502 501 2541 exacta
538 2503 637 2541 erat.
706 2497 898 2541 Concedo
908 2511 918 2553 ;
956 2511 1054 2540 cum
1092 2511 1192 2540 vero
1222 2497 1417 2551 Hecyrae
1452 2497 1606 2539 iterum
1641 2501 1812 2541 exactae

251 2560 452 2600 memoria
489 2560 532 2600 in
571 2559 689 2600 nullo
725 2558 890 2600 Terenti
929 2559 1099 2613 prologo
1136 2561 1291 2611 exstet,
1332 2557 1686 2599 verisimillimum
1721 2570 1812 2601 esse

251 2621 353 2672 puto
396 2630 481 2659 non
518 2618 642 2660 modo
680 2617 873 2672 Hecyrae
910 2618 1074 2659 tertiam
1111 2617 1318 2659 actionem
1356 2615 1547 2670 Hecyrae
1583 2616 1811 2658 secundam

252 2678 459 2719 actionem
496 2677 763 2719 subsecutam
801 2690 909 2731 esse,
946 2676 1019 2718 sed
1058 2676 1185 2718 etiam
1214 2676 1322 2717 hanc
1352 2678 1575 2730 utramque
1606 2676 1808 2719 actionem

373 2774 415 2849 ρῂι)
447 2806 503 2841 lta
534 2805 602 2840 iam
628 2803 917 2840 Heri-manowski
942 2803 963 2838 l.
991 2814 1018 2838 s.
1045 2814 1072 2838 s.
1102 2815 1132 2848 p.
1151 2803 1207 2839 30.
1249 2823 1289 2828 —
1328 2801 1515 2839 Schindler
1537 2802 1560 2838 1.
1586 2813 1613 2838 s.
1640 2813 1667 2839 s.
1693 2814 1727 2849 p.
1753 2804 1809 2840 33.
