2067 3311
938 149 1233 191 ...70-

304 264 448 320 Pergit
490 267 603 309 enim
638 267 684 308 in
720 264 794 308 illa
829 266 1095 309 adnotatione
1132 266 1211 307 hoc
1246 265 1387 308 modo:
1433 264 1578 319 „Nam
1615 277 1700 320 quo
1737 264 1861 306 modo

304 323 405 365 alibi
436 324 562 365 dixit:
596 324 839 380 ,Postquam
870 325 1024 367 aediles
1055 324 1285 367 emerunt‘?
1347 323 1402 365 Et
1431 324 1549 378 bene,
1581 327 1629 365 ut
1658 326 1863 378 sequatur

304 383 485 438 populus
527 383 731 425 iudicium
775 384 884 437 eius,
927 385 1002 439 qui
1045 384 1262 425 aestimare
1304 395 1401 424 vere
1442 382 1605 424 fabulas
1641 382 1859 437 potuerit“.

305 441 465 484 Eodem
500 443 630 497 igitur
665 455 719 485 ex
750 443 865 486 fonte
894 443 966 485 ille
997 444 1153 497 hausit,
1190 442 1303 485 unde
1333 454 1410 484 nos
1441 442 1670 484 haurimus.
1730 440 1860 484 Novit

304 501 462 541 scilicet
499 502 594 542 illos
631 502 738 543 duos
774 502 1043 556 prologorum
1080 502 1211 555 locos,
1251 514 1431 556 quorum
1467 514 1565 542 cum
1601 500 1707 541 alter
1741 500 1861 541 alteri

304 572 539 615 repugnare
569 560 793 615 videretur,
822 562 912 616 ipse
942 573 1063 602 suam
1093 560 1209 602 illam
1240 560 1561 616 explicationem
1589 557 1780 611 finxit.¹⁷)

424 617 579 660 Donati
599 620 730 674 igitur
749 620 1037 661 testimonium
1059 619 1260 673 quoniam
1280 619 1386 660 nihil
1401 619 1543 663 valere
1561 618 1861 671 intelleximus,

306 677 385 718 hac
420 678 464 717 in
502 689 548 718 re
585 678 854 719 diiudicanda
890 689 1063 732 prorsus
1100 681 1163 718 est
1196 677 1484 718 omittendum.
1545 676 1627 718 Sed
1656 677 1735 718 hac
1764 689 1862 718 cum

307 736 552 789 quaestione
589 749 686 778 cum
721 736 851 778 altera
880 736 953 777 illa
984 736 1173 790 quaestio
1204 735 1411 778 artissime
1441 736 1665 777 coniuncta
1695 736 1767 789 sit,
1804 736 1862 777 ita

307 799 353 834 ut
378 794 459 835 nisi
485 795 560 848 qui
584 795 628 835 in
653 795 791 850 priore
816 807 965 836 verum
990 794 1153 847 viderit,
1177 806 1301 835 nemo
1325 795 1371 835 in
1396 793 1526 835 altera
1546 806 1694 835 verum
1719 794 1861 835 videre

305 853 447 907 possit,
478 866 661 908 cumque
686 867 832 896 omnes
856 854 993 896 adhuc
1018 854 1099 895 viri
1124 853 1234 895 docti
1257 853 1415 894 mirum
1438 853 1483 894 in
1507 853 1679 894 modum
1706 851 1861 894 Donati

304 912 543 954 testimonio
580 913 647 955 usi
687 913 789 967 sint,
826 925 880 955 ne
916 914 960 955 in
998 912 1127 955 altera
1164 912 1336 968 quidem
1374 912 1618 968 quaestione
1650 923 1721 954 eos
1751 916 1861 954 recte

305 971 512 1013 iudicasse
541 985 617 1027 per
633 985 686 1014 se
711 976 891 1028 apparet.
951 972 1107 1014 Tamen
1135 971 1236 1026 quid
1261 973 1480 1024 senserint,
1510 972 1756 1027 priusquam
1780 972 1861 1026 ipsi

304 1030 355 1071 ad
386 1043 475 1072 rem
507 1031 819 1074 diiudicandam
849 1036 1124 1083 transeamus,
1157 1031 1337 1072 breviter
1367 1043 1585 1086 exponam.

424 1088 649 1139 Quaeritur
663 1091 805 1146 igitur,
821 1092 865 1132 in
882 1091 1004 1133 cuius
1024 1090 1286 1145 possessione
1300 1089 1467 1132 fabulae
1482 1093 1598 1132 actae
1619 1090 1858 1132 manserint.

305 1146 426 1196 Quod
453 1153 500 1190 ut
524 1154 809 1203 cognoscatur,
839 1149 1094 1191 Bitschelius
1131 1149 1182 1189 de
1206 1147 1341 1189 tribus
1365 1161 1506 1190 rerum
1531 1148 1861 1201 condicionibus,

304 1206 356 1249 de
394 1206 548 1263 quibus
585 1208 758 1264 cogitari
793 1211 947 1265 potest,
984 1206 1228 1263 singillatim
1264 1207 1360 1262 agit.
1421 1206 1591 1249 Aediles
1632 1207 1749 1260 dicit,
1786 1208 1860 1263 qui

303 1266 467 1308 fabulas
488 1269 677 1321 emerint,
701 1268 939 1310 fabularum
961 1280 1220 1322 possessores
1242 1280 1327 1308 non
1342 1267 1484 1320 fuisse,
1509 1279 1607 1308 cum
1622 1266 1859 1308 fabularum

304 1330 492 1368 actarum
534 1326 701 1369 nullum
744 1327 916 1369 omnino
959 1338 1086 1369 usum
1122 1325 1355 1368 habuerint.
1422 1325 1573 1381 Neque
1608 1325 1771 1368 fabulas
1807 1326 1860 1367 ad

303 1389 447 1439 poetas
477 1386 654 1438 redisse,
692 1388 847 1441 quippe
879 1388 952 1440 qui
984 1399 1054 1428 eas
1085 1385 1367 1438 vendiderint,
1404 1387 1647 1440 praesertim
1678 1399 1775 1428 cum
1806 1398 1861 1427 ex

303 1442 405 1486 Hec.
437 1444 539 1499 prol.
566 1443 587 1485 I
617 1458 656 1487 v.
684 1444 709 1485 6
741 1457 823 1501 sq.:

515 1502 1312 1616 ’1‘ssssss&355511'32332312030333
1330 1516 1517 1603 53:331.ssss
1519 1503 1598 1584 1ιῖΙῆ

304 1625 500 1676 appareat
548 1634 604 1664 ex
655 1622 868 1664 veteribus
919 1621 1073 1663 fabulis
1120 1623 1263 1676 poetas
1307 1621 1412 1662 nihil
1458 1620 1565 1663 lucri
1608 1621 1743 1663 facere
1779 1634 1859 1677 ⁴po-

303 1682 446 1722 tuisse.
508 1680 680 1723 Restare
704 1682 846 1735 igitur,
879 1685 927 1723 ut
963 1680 1128 1722 fabulae
1165 1681 1208 1721 in
1247 1680 1404 1721 domini
1435 1681 1574 1735 gregis
1599 1681 1860 1735 possessione

303 1740 551 1791 manserint,
599 1741 672 1795 qui
715 1740 808 1782 illas
845 1739 1026 1793 fabulas,
1072 1739 1450 1794 quotienscumque
1495 1739 1692 1792 voluerit,
1737 1752 1860 1794 agere

300 1799 493 1854 potuerit.
543 1824 594 1830 —
637 1798 797 1842 Eadem
828 1803 969 1842 autem
1000 1798 1315 1841 ratiocinatione
1347 1811 1449 1841 usus
1489 1799 1553 1841 vir
1583 1798 1730 1841 doctus
1761 1811 1860 1841 con-

302 1858 471 1899 cludere
502 1851 680 1899 debebat
704 1859 869 1900 fabulas
893 1862 1006 1899 actas
1031 1870 1085 1899 ne
1117 1859 1163 1898 in
1188 1859 1339 1899 actoris
1360 1859 1529 1912 quidem
1554 1861 1858 1913 possessionem

300 1918 561 1985 pervenisse,
600 1930 698 1960 cum
729 1918 797 1961 hic
828 1916 991 1959 fabulas
1022 1917 1193 1959 omnino
1224 1929 1308 1958 non
1340 1917 1525 1970 emisset,
1556 1917 1629 1959 sed
1659 1917 1858 1959 aedilium

299 1979 421 2017 iussu
463 1981 628 2018 tantum
670 1978 983 2019 aestimavisset.
1057 1975 1139 2018 Sed
1181 1979 1230 2017 ut
1280 1988 1380 2017 vera
1421 1978 1475 2017 sit
1517 1977 1730 2018 conclusio
1777 1978 1858 2018 viri

301 2035 424 2091 docti,
455 2038 596 2078 tamen
627 2036 719 2079 eius
744 2036 952 2079 sententia
982 2034 1188 2078 refutatur
1216 2034 1290 2077 illo
1320 2033 1422 2078 Hec.
1454 2034 1556 2091 prol.
1586 2035 1691 2089 loco,
1732 2048 1857 2091 quem

300 2097 389 2150 ipse
419 2096 559 2137 attulit
560 2096 628 2149 ,¹⁸)
672 2096 786 2138 unde
829 2094 1012 2137 dilucide
1055 2098 1225 2150 apparet
1261 2107 1316 2137 ex
1346 2098 1549 2150 potestate
1578 2099 1621 2137 et
1649 2097 1857 2151 permissu

299 2157 445 2210 poetae
474 2153 604 2196 fuisse
633 2154 797 2212 fabulas
828 2155 982 2196 iterum
1025 2153 1197 2207 referre,
1242 2153 1405 2195 fabulas
1447 2154 1577 2208 igitur
1618 2155 1663 2195 in
1707 2156 1858 2196 actoris

300 2215 485 2257 dominio
538 2216 753 2258 mansisse.
835 2212 1118 2265 Quamobrem
1167 2211 1368 2255 Dziatzko
1383 2214 1434 2267 ¹⁹)
1489 2212 1663 2269 putabat
1717 2217 1858 2269 poetas

419 2329 464 2375 ¹⁷)
489 2330 544 2366 De
569 2330 741 2367 similibus
765 2329 894 2366 Donati
918 2329 1004 2365 locis
1029 2339 1222 2375 eorumque
1247 2328 1321 2365 fide
1345 2329 1392 2365 cf.
1417 2328 1590 2365 Rabbow:
1627 2329 1741 2366 annal.
1772 2330 1857 2376 p.hil

300 2388 381 2413 nov.
408 2376 500 2413 CLV
526 2377 697 2423 (1897)p
735 2378 804 2414 305
830 2387 872 2422 sq
849 2387 905 2422 q.q
933 2397 976 2402 —
1003 2377 1049 2412 cf.
1074 2376 1215 2422 infrap
1219 2376 1297 2413 .83
1323 2377 1402 2412 adn
1428 2377 1474 2413 56
1499 2379 1582 2422 etp
1586 2378 1676 2413 .84.

419 2424 461 2469 ⁸)
487 2424 659 2461 Ritscheli
675 2389 909 2460 psententiam
943 2424 1104 2460 defendit
1135 2388 1376 2459 Roehrichtl.
1403 2434 1430 2459 s.
1457 2434 1484 2458 s,
1511 2436 1544 2469 p.
1559 2388 1617 2460 50
1641 2434 1716 2470 sqq.
1750 2425 1856 2471 (Diss.

303 2471 386 2517 phil.
417 2474 501 2517 Arg.
527 2466 582 2507 LX
615 2483 648 2518 p.
684 2472 753 2508 342
779 2474 881 2517 sqq..)
930 2471 985 2507 Ab
1021 2472 1088 2507 hac
1123 2482 1204 2506 cum
1240 2470 1300 2507 ille
1336 2471 1500 2516 Hecyrae
1536 2471 1634 2508 locus
1671 2474 1718 2518 (v.
1744 2473 1766 2508 6
1790 2475 1858 2518 sq.)

299 2523 491 2611 RQ,
518 2519 1111 2614 ζέζιέἕὲἓίὃρξιῗηὲὃέᾙω(ἓῗι
1124 2518 1385 2601 Ιῖἓῖἰᾞωὲιεὲθ
1403 2530 1448 2601 ἓὶ
1463 2519 1857 2612 {iffznffissszffi

300 2615 420 2649 tamen
444 2613 556 2649 ullum
581 2615 829 2659 argumentum
854 2612 974 2649 affert.
1015 2634 1056 2640 -
1093 2613 1244 2649 Prorsus
1275 2614 1394 2649 autem
1419 2613 1598 2650 reicienda
1628 2615 1727 2656 sunt,
1767 2625 1856 2659 quae

300 2660 544 2694 Karstenusl.
570 2671 598 2694 s.
625 2671 651 2695 s.
678 2671 701 2705 p
739 2661 804 2695 181
832 2672 866 2694 n.
893 2661 914 2694 3
941 2671 1011 2704 exp
1012 2660 1115 2694 osuit.

421 2704 462 2751 ¹⁹)
477 2705 568 2742 Mus.
586 2706 700 2742 Rhen.
717 2717 798 2742 nov.
817 2706 909 2742 XXI
923 2706 1084 2753 (1866)p
1088 2706 1176 2741 .471
1196 2716 1271 2752 sqq.
1286 2705 1388 2742 aliter
1406 2706 1515 2742 idem:
1529 2706 1620 2742 Mus.
1634 2706 1701 2742 Rh.
1716 2717 1794 2742 nov.
1810 2708 1857 2743 IL

299 2754 420 2798 (1894)
439 2764 473 2797 p.
491 2754 561 2789 562
578 2764 629 2798 sq.
648 2774 692 2779 —
711 2754 824 2797 Quam
841 2754 1055 2790 sententiam
1072 2753 1175 2799 plane
1193 2754 1315 2799 probat
1331 2754 1482 2790 Hauler:
1507 2754 1650 2790 Phorm.
1653 2754 1707 2790 ed.
1718 2754 1732 2775 ⁸
1747 2766 1780 2800 p.
1798 2756 1855 2791 33.
