2067 3311
189 208 325 250 simile
369 220 458 250 esse
500 206 667 248 videtur
709 202 772 256 (οἱ
805 216 843 258 p.
876 203 961 257 29),
1004 206 1101 245 ante
1142 201 1333 257 Hecyrae
1375 202 1602 245 secundam
1644 203 1744 244 acti-

190 280 311 309 onem
342 271 433 309 acta
463 270 536 317 est,
567 275 705 317 neque
739 263 966 317 quicquam
997 263 1098 304 certi
1128 263 1256 309 statui
1285 265 1430 317 potest.

305 326 388 367 Hic
417 322 657 366 fabularum
689 321 801 374 ordo,
833 333 959 376 quem
990 333 1045 363 ex
1068 321 1251 376 prologis
1276 325 1468 363 accurate
1492 321 1745 363 examinatis

190 386 388 438 eruimus,
420 395 518 424 cum
549 380 694 421 ordine
723 380 961 421 fabularum
991 380 1295 435 chronologico,
1326 381 1400 435 qui
1430 381 1474 421 in
1507 379 1744 422 didascaliis

190 443 385 496 traditur,
421 438 617 483 omnibus
653 451 708 481 ex
741 438 930 495 partibus
960 439 1163 494 congruit.
1225 438 1466 482 Secundum
1497 438 1744 482 didascalias

189 503 300 544 enim
332 501 432 543 ordo
463 501 526 540 est
556 498 642 540 hic:

404 560 439 600 1.
470 556 632 599 Andria
662 560 754 600 acta
782 557 894 599 ludis
926 556 1235 613 Megalensibus
1266 559 1367 599 anni
1401 557 1483 599 166
1516 571 1551 598 a.
1583 556 1678 599 Chr.

401 619 439 658 2.
472 615 640 670 Hecyra
669 618 853 672 primum
883 620 974 659 acta
1003 630 1114 658 anno
1148 617 1229 662 165
1262 630 1297 660 a.
1330 616 1423 659 Chr.

402 677 427 716 3
470 674 967 718 Heautontimorumenos
997 680 1088 717 acta
1118 688 1229 717 anno
1264 675 1346 717 163
1379 689 1415 717 a.
1447 674 1541 717 Chr.

400 736 439 776 4.
475 733 706 777 Eunuchus
736 740 827 778 acta
857 748 967 778 anno
1001 735 1081 777 161
1117 749 1152 777 a.
1185 733 1279 777 Chr.

402 795 440 835 5.
472 793 669 836 Phormio
700 798 791 836 acta
821 808 933 836 anno
967 794 1048 836 161
1082 808 1117 836 a.
1142 792 1242 836 Chr.

403 852 441 894 6.
471 851 640 906 Hecyra
669 854 821 895 iterum
851 857 943 895 acta
958 854 978 952 }
993 852 1105 894 ludis
1120 851 1368 894 funebribus
1384 851 1429 895 L.
1446 852 1600 895 Aemili

404 913 439 952 7.
472 911 689 966 Adelphoe
719 916 810 954 acta
992 911 1130 954 Paulli
1155 912 1285 967 (anno
1314 911 1396 954 160
1422 925 1457 955 a.
1479 910 1599 966 clm).

401 971 438 1011 8.
470 966 639 1024 Hecyra
675 971 796 1013 tertio
832 976 924 1013 acta
956 971 1069 1012 ludis
1098 969 1300 1012 Romanis
1330 971 1430 1011 anni
1464 970 1547 1011 160
1578 983 1613 1011 a.
1646 969 1740 1012 Chr.

308 1029 424 1079 Quae
455 1043 552 1072 cum
583 1032 642 1072 ita
671 1031 768 1083 sint,
796 1030 932 1073 facere
962 1043 1045 1073 non
1077 1043 1315 1085 possumus,
1346 1031 1449 1085 quin
1481 1029 1534 1072 de
1565 1042 1615 1073 ea
1639 1042 1743 1085 quo-

190 1101 272 1144 que
303 1101 359 1142 re,
391 1088 442 1130 de
473 1102 557 1143 qua
593 1089 700 1131 nihil
730 1090 833 1131 certi
858 1101 913 1131 ex
937 1089 1120 1145 prologis
1145 1090 1357 1131 enucleari
1380 1092 1527 1144 potest,
1556 1089 1601 1130 in
1626 1089 1742 1130 dida-

190 1148 327 1190 scaliis
351 1161 500 1189 verum
523 1148 722 1190 traditum
747 1160 837 1190 esse
860 1152 1069 1203 putemus,
1093 1149 1336 1203 praesertim
1350 1161 1448 1190 cum
1462 1148 1541 1190 hoc
1560 1148 1743 1203 prologis

189 1207 361 1248 minime
403 1211 624 1262 repugnet:
672 1206 967 1249 Phormionem
1010 1207 1140 1262 igitur
1180 1210 1274 1262 post
1311 1206 1566 1248 Eunuchum
1608 1210 1743 1248 actam

188 1266 332 1319 638671)
363 1265 637 1309 censebimus.

224 1398 395 1461 Caput*
423 1399 498 1445 III:
537 1397 613 1449 De
649 1396 932 1449 nonnullis
969 1396 1099 1449 aliis
1134 1395 1505 1462 prologorum
1542 1395 1700 1458 lociS,

294 1478 494 1543 quibus
532 1478 673 1532 ordo
711 1477 1030 1532 fabularum
1068 1477 1505 1559 chronologicus
1541 1480 1643 1531 aut

481 1560 756 1615 infirmari
793 1561 1021 1615 videtur
1057 1563 1159 1613 aut
1193 1560 1441 1633 fulcitur.

219 1656 243 1709 ξ
279 1656 313 1698 1.
365 1655 428 1698 De
462 1656 1010 1699 Heautontimorumeni
1046 1655 1233 1709 prologi
1266 1654 1492 1697 versibus
1526 1655 1703 1708 16-19,

305 1725 354 1768 In
387 1726 594 1781 prioribus
624 1726 830 1783 capitibus
864 1727 1087 1768 statuimus
1111 1725 1579 1768 Heautontimorumeni
1602 1727 1740 1782 prolo-

187 1799 290 1838 gum
321 1786 553 1828 secundum
576 1785 742 1828 Terenti
772 1786 992 1841 prologum
1018 1798 1122 1839 esse,
1157 1786 1361 1828 Andriam
1386 1790 1428 1828 et
1450 1784 1664 1840 Hecyram
1688 1785 1739 1839 (I)

186 1844 348 1885 fabulas
372 1848 494 1885 antea
519 1848 630 1885 actas
655 1857 758 1886 esse.
802 1843 993 1893 Quarum
1005 1845 1178 1886 alteram
1202 1846 1538 1897 contaminatam,
1568 1845 1741 1886 alteram

188 1915 273 1944 non
299 1904 622 1948 contaminatam
648 1915 739 1945 6836
762 1915 861 1944 cum
885 1903 1078 1958 sciamus,
1108 1902 1319 1958 quomodo
1345 1902 1473 1944 verba
1486 1903 1743 1957 vintellegan-

187 1967 268 2014 tur,
299 1964 477 2016 quaeris,
509 1975 616 2016 quae
645 1961 846 2015 leguntur
875 1963 919 2003 in
951 1961 1103 2004 Heaut.
1133 1963 1236 2017 prol.
1267 1963 1351 2016 (vv,
1385 1962 1591 2014 16—19):

401 2020 533 2075 „Nam
564 2020 677 2076 quod
707 2033 898 2062 rumores
929 2020 1184 2063 distulerunt
1212 2020 1411 2074 malivoli,

401 2080 585 2121 Multas
615 2081 987 2122 contaminasse
1018 2079 1254 2132 Graecas,
1286 2080 1388 2121 dum
1417 2079 1516 2121 facit

400 2138 562 2191 Paucas
590 2137 779 2180 Latinas:
810 2138 853 2179 id
885 2150 975 2180 6886
1005 2138 1162 2181 factum
1192 2139 1259 2180 hic
1290 2152 1371 2180 non
1405 2143 1541 2193 negat,

400 2198 548 2252 Neque
577 2211 623 2240 86
652 2199 794 2253 pigere
825 2202 866 2239 et
897 2198 1047 2239 deinde
1075 2198 1281 2240 facturum
1315 2198 1540 2239 autumat.“

309 2313 349 2358 ⁷¹)
374 2314 467 2350 Huic
492 2314 545 2349 rei
569 2313 762 2349 convenire
793 2314 850 2357 id,
882 2314 976 2358 quod
999 2313 1185 2349 Terentius
1214 2314 1252 2348 in
1282 2314 1432 2358 utroque
1464 2313 1605 2358 prologo
1635 2313 1739 2357 (Eun.

188 2362 224 2394 et
248 2360 404 2405 Phorm.)
437 2361 570 2395 eisdem
600 2361 679 2394 fere
709 2360 748 2394 in
778 2360 966 2395 sententiis
990 2362 1171 2402 versatur,
1202 2362 1300 2395 recte
1325 2360 1559 2395 ostenderunt
1583 2360 1742 2404 Wagner

189 2406 317 2451 (annal.
343 2406 461 2452 philol.
487 2417 567 2442 nov.
593 2405 677 2443 XCI
702 2404 821 2455 [1865]
847 2417 880 2452 p.
905 2406 991 2451 288)
1023 2409 1060 2442 et
1084 2407 1122 2442 Ε.
1147 2406 1282 2443 Hauler
1306 2406 1358 2452 (in
1383 2406 1528 2442 Phorm.
1554 2406 1608 2442 ed.
1635 2417 1667 2452 p.
1697 2407 1740 2442 16

187 2465 221 2488 n.
248 2454 296 2498 3),
321 2455 381 2499 qui
404 2456 591 2500 praetcrea
613 2454 680 2489 hoc
704 2455 802 2489 recte
833 2454 935 2489 dicit:
973 2453 1088 2497 „Dass
1112 2455 1237 2489 ferner
1260 2454 1308 2488 im
1333 2452 1460 2499 Prolog
1484 2464 1565 2489 zum
1590 2453 1741 2489 Eunuch

187 2500 268 2536 eine
293 2500 515 2547 Anspielung
538 2501 601 2536 auf
623 2501 681 2536 die
705 2500 994 2546 durchgefallene
1020 2500 1165 2546 Hecyra
1187 2500 1289 2545 fehlt,
1315 2499 1447 2536 erklart
1469 2500 1546 2535 sich
1570 2510 1635 2535 ans
1658 2501 1741 2535 dem

186 2547 365 2583 aktuellen
389 2548 505 2584 Stoffe
521 2548 639 2584 dieses
654 2547 810 2593 Prologs,
834 2548 900 2583 der
914 2547 1150 2594 Entgegnung
1166 2548 1229 2584 ani
1244 2548 1301 2583 die
1318 2547 1409 2583 eben
1425 2558 1741 2593 vorangegangene

185 2593 419 2640 Beleidigung
455 2595 519 2630 des
555 2595 721 2630 Dichters
750 2594 864 2630 durch
892 2595 1042 2630 Luscius
1078 2594 1324 2638 Ianuvinus“;
1361 2596 1547 2640 praeterea
1582 2606 1630 2629 ex
1665 2596 1741 2629 toto

187 2639 329 2676 Phorm.
356 2640 497 2687 prologo
522 2651 692 2688 apparere
716 2640 802 2676 mihi
828 2641 970 2677 videtur
992 2641 1197 2677 Terentium
1220 2641 1346 2688 gaudio
1370 2640 1523 2677 alacrem
1546 2641 1660 2677 fuisse
1678 2642 1740 2686 (cf.

189 2697 245 2722 vv.
266 2689 374 2732 1—33
400 2688 534 2732 5-19;
560 2688 725 2733 31-34),
750 2688 785 2723 id
811 2688 903 2733 qnod
927 2699 1053 2734 magno
1066 2687 1228 2725 Eunuchi
1244 2698 1412 2724 successu
1424 2688 1509 2723 satis
1534 2688 1740 2734 explicatur.

1507 2747 1529 2783 3
