2067 3311
917 104 1209 145 —42—

282 223 389 263 hanc
421 223 706 277 quaestionem
738 235 917 264 movere.
978 223 1120 278 Atque
1150 234 1295 264 omnes
1326 222 1497 277 quidem
1526 222 1688 278 prologi
1711 222 1836 271 locos,

282 293 337 322 ex
374 280 529 336 quibus
566 293 650 336 quo
687 283 872 336 tempore
909 293 972 323 ea-
994 282 1119 335 actio,
1161 280 1213 323 ad
1250 293 1378 336 quam
1414 280 1611 336 prologus
1645 281 1840 337 pertinet,

281 339 391 381 facta
427 340 498 393 sit,
534 352 733 395 apparere
767 341 844 381 viri
876 340 985 382 docti
1016 344 1289 396 putaverunt,
1326 339 1546 394 diligenter
1576 340 1838 382 conferamus

282 401 559 452 accurateque
589 399 925 453 examinemus.²)

401 456 433 498 Ι.
465 456 695 513 Prologum
731 457 784 499 ad
821 459 1090 513 posteriorem
1127 459 1332 500 actionem
1370 461 1555 514 spectare
1589 461 1636 499 ut
1667 457 1837 499 demon-

283 520 474 569 strarent,
499 517 579 557 viri
605 517 715 558 docti
741 517 842 558 haec
866 517 1130 573 protulerunt
1149 524 1395 571 argumenta
1415 529 1470 559 ex
1490 517 1671 571 prologis
1692 516 1835 558 ducta:

404 575 441 617 1.
473 574 522 617 In
555 588 593 617 v,
621 576 647 617 3
678 575 778 630 legi:
812 588 942 630 „quas
971 574 1137 618 fecisset
1167 575 1399 628 fabulas“.⁸)

403 636 441 676 2.
478 635 528 677 In
561 648 598 675 V.
627 636 652 676 5
683 635 783 688 legi:
828 634 960 688 „Nam
991 635 1034 677 in
1072 634 1254 689 prologis
1290 635 1527 677 scribundis
1564 648 1730 691 operam
1766 634 1838 677 ab·

286 694 457 735 utitu1“:
496 694 608 749 quod
646 694 780 735 solum
819 693 871 735 ab
908 706 957 735 eo
995 694 1077 736 dici
1115 706 1255 749 posse,
1292 695 1366 749 qui
1397 694 1501 736 alios
1530 695 1612 736 iam
1645 694 1839 750 prologos

284 753 565 807 scripsissetf)

403 812 441 854 3.
471 811 711 854 Terentium
737 812 873 853 dicere
897 813 941 853 in
967 825 1004 854 V.
1029 812 1054 852 6
1081 824 1378 867 sq.:-„operam
1403 811 1601 866 abutitur,
1626 812 1700 867 qui
1721 812 1838 853 mali—

284 870 368 911 voli
395 871 547 913 veteris
570 877 716 926 poetae
743 870 975 912 maledictis
999 871 1229 925 respondea
1246 871 1286 922 “3
1314 871 1428 912 unde
1452 869 1573 923 effici,
1603 876 1651 912 ut
1673 869 1840 912 Terenti

284 929 511 970 adversarii
541 930 622 970 iam
656 930 736 984 ipsi
767 930 810 970 in
842 929 1013 984 prologo
1044 942 1141 971 eum
1172 930 1358 984 aggressi
1387 930 1569 982 essent.⁶)

402 989 440 1031 4.
467 986 573 1030 Cum
597 987 815 1030 Terentius
840 1001 877 1031 v.
901 988 927 1029 8
953 1001 1043 1043 sqq.
1069 988 1250 1043 impetus
1275 989 1317 1030 in
1346 988 1551 1030 Andriam
1587 987 1639 1031 ab
1676 988 1836 1044 iniquis

283 1047 413 1088 factos
449 1048 640 1100 reiceret,
677 1048 815 1102 sequi,
852 1051 899 1089 ut
934 1047 997 1088 illi
1033 1047 1216 1089 fabulam
1256 1051 1378 1089 antea
1408 1052 1599 1089 accurate
1630 1048 1838 1103 cognitam

284 1105 546 1149 habuissent:
577 1107 690 1162 quod
721 1107 895 1161 cogitari
926 1119 1010 1148 non
1042 1119 1164 1161 posse
1189 1108 1278 1148 nisi‘
1296 1107 1457 1148 Andria
1481 1108 1564 1148 iam
1590 1111 1712 1149 antea
1736 1109 1839 1149 acta.

284 1164 505 1207 Praeterea
535 1166 776 1207 huiusmodi
801 1166 1127 1219 criminationes,
1158 1165 1303 1220 quales
1328 1165 1555 1208 adversarii
1580 1166 1839 1221 sparsissent,

284 1237 309 1264 a
338 1225 492 1278 populo
524 1224 711 1277 intellegi
742 1238 826 1265 non
859 1225 1044 1278 potuisse
1074 1225 1167 1278 nisi,
1198 1226 1233 1265 si
1264 1224 1406 1266 fabula
1436 1228 1534 1265 nota
1563 1224 1756 1276 fuissem)

406 1284 443 1325 5.
476 1282 669 1339 Denique
715 1284 794 1325 viri
841 1284 950 1325 docti
995 1288 1329 1338 provocaverunt
1373 1283 1426 1325 ad
1475 1283 1633 1338 prologi
1679 1284 1841 1325 exitum

286 1342 341 1396 (v.
380 1343 436 1383 24
468 1343 586 1397 sqq),
623 1355 677 1384 ex
715 1354 799 1397 quo
838 1355 963 1397 quam
1003 1343 1230 1383 certissime
1267 1343 1468 1397 consequi
1499 1341 1685 1396 Wagner
1730 1342 1841 1393 dicit,

285 1404 333 1441 ut
361 1400 581 1442 Terentius
607 1407 704 1442 ante
729 1402 836 1442 hanc
861 1401 1047 1442 Andriae
1071 1402 1290 1454 actionem,
1320 1400 1372 1442 ad
1399 1414 1526 1456 quam
1551 1401 1619 1442 hic
1642 1401 1840 1456 prologus

284 1460 464 1514 scriptus
501 1461 571 1512 sit,
608 1460 733 1501 aliam
764 1459 832 1501 vel
869 1460 971 1501 alias
1007 1458 1171 1501 fabulas
1207 1461 1250 1500 in
1289 1472 1482 1501 scaenam
1519 1459 1694 1513 dederit,
1734 1471 1841 1514 quae

285 1523 456 1560 exactae
486 1520 619 1573 sint.⁷)

403 1576 520 1619 Haec
536 1581 778 1631 argumenta
797 1590 871 1631 pro
886 1578 1131 1619 certissimis
1148 1577 1302 1618 habent
1320 1578 1397 1618 viri
1414 1578 1543 1630 docti;
1561 1590 1660 1618 nam
1676 1580 1840 1618 senten-

286 1634 370 1676 tiae
406 1636 621 1690 generales
651 1649 676 1683 a
708 1636 808 1676 viris
840 1636 971 1676 doctis
1003 1637 1295 1689 pronuntiatae
1324 1648 1410 1676 non
1443 1636 1624 1677 multum
1655 1636 1840 1686 valent.⁸)

406 1763 432 1808 ²)
457 1764 533 1799 Hac
558 1765 602 1799 de
629 1775 667 1799 re
693 1763 897 1808 nuperrime
915 1764 986 1809 egit
1003 1764 1156 1799 Karsten
1174 1763 1319 1807 (Mnem.
1337 1763 1449 1799 XXII
1467 1764 1587 1809 [1894]
1614 1775 1646 1809 p
1668 1764 1735 1799 186
1752 1766 1842 1808 sqq.)

285 1811 473 1864 denuoque
499 1812 700 1846 ceterorum
726 1811 922 1846 sententias
947 1812 1224 1856 argumentaque
1249 1810 1407 1847 contulit.
1449 1810 1518 1846 Sed
1542 1821 1659 1866 neque
1686 1811 1842 1846 omnium

284 1858 442 1893 virorum
472 1859 655 1894 doctorum
687 1858 883 1894 sententias
908 1869 1024 1903 neque
1049 1869 1172 1894 omnes
1196 1857 1331 1912 prologi
1355 1858 1466 1902 locos,
1498 1858 1557 1903 qui
1582 1859 1625 1894 ad
1650 1859 1741 1894 hanc
1766 1868 1842 1894 rem

284 1905 542 1941 diiudicandam
574 1906 703 1941 summi
734 1906 819 1941 sunt
848 1905 1030 1949 momenti,
1062 1905 1147 1941 satis
1172 1905 1340 1951 respexit.
1389 1885 1528 1941 Deinde
1553 1907 1591 1941 et
1613 1906 1690 1951 ipse
1715 1904 1842 1941 iudicio

285 1953 454 1997 occupato
479 1954 522 1988 ad
546 1953 638 1988 hanc
663 1964 739 1988 rem
765 1953 923 1989 accessit.
952 1973 993 1978 —
1022 1953 1068 1988 cf.
1093 1952 1245 1988 Hauler:
1269 1953 1412 1988 Phorm.
1439 1953 1493 1989 ed.
1518 1964 1553 1999 p.
1573 1954 1617 1989 16
1642 1965 1677 1988 n.
1705 1955 1735 1988 1.

288 2049 291 2052 η
406 1999 432 2044 ⁸)
457 2000 555 2036 Haec
581 2011 660 2036 esse
678 2000 820 2035 videtur
836 2000 1007 2045 Wagneri
1032 2000 1211 2036 sententia
1226 2000 1309 2046 (,lib.
1327 2000 1487 2036 miscell.‘
1504 2011 1537 2044 p.
1552 2001 1622 2044 74).
1660 2001 1707 2035 cf.
1725 2001 1843 2035 autem

286 2048 380 2082 mfm
403 2058 436 2138 ξ))
455 2048 606 2129 ἓξαὲῗέι·
633 2047 711 2135 ege,
743 2104 830 2138 quos
855 2093 962 2129 Fabia
984 2092 1008 2128 1.
1033 2104 1061 2128 s.
1088 2105 1114 2128 s.
1141 2104 1174 2138 p.
1192 2093 1238 2128 29
1264 2094 1390 2137 affert,
1421 2094 1468 2129 cf.
1494 2092 1844 2129 Westerhov-stall-

289 2141 407 2176 baum:
432 2141 510 2176 Ter.
534 2140 628 2176 sabb.
653 2142 707 2176 ed.
725 2141 742 2176 I
769 2140 877 2185 (Lips.
898 2140 1002 2184 1830)
1028 2141 1070 2175 ad
1095 2141 1129 2175 h.
1148 2140 1170 2174 l.
1191 2161 1233 2165 —
1260 2142 1301 2175 A.
1320 2140 1488 2186 Spengel:
1515 2141 1623 2175 Andr.
1639 2141 1693 2176 ed.
1712 2140 1843 2184 (Berol.

289 2188 394 2231 1875)
407 2187 777 2269 ⁶P'K{}st—en1}a28tesn
802 2187 824 2221 l.
851 2198 878 2221 s.
905 2198 932 2221 s.

406 2238 433 2326 ὃς
443 2280 603 2329 Wagner
618 2280 641 2317 1.
652 2261 687 2317 ἐ.
706 2291 733 2317 s.
752 2262 785 2328 p.
801 2282 857 2317 74.
876 2302 915 2307 -
938 2281 1224 2318 Heri-manowski
1241 2280 1263 2317 l.
1282 2291 1309 2317 s.
1328 2291 1355 2318 s.
1373 2293 1406 2328 p.
1421 2283 1477 2318 35.
1497 2302 1537 2308 —-
1558 2282 1712 2318 Karsten
1729 2281 1751 2318 l.
1769 2293 1797 2318 s.
1815 2293 1842 2318 s.

409 2330 434 2374 ⁷)
461 2330 619 2374 Wagner
642 2329 664 2364 l.
692 2340 719 2365 s,
746 2341 773 2364 s.
800 2341 833 2373 p.
861 2330 906 2365 76
923 2340 974 2374 sq.
1002 2350 1043 2354 —
1071 2330 1117 2364 cf.
1144 2330 1189 2364 id.
1215 2330 1251 2363 in
1276 2330 1390 2365 annal.
1417 2330 1500 2374 phil.
1524 2341 1604 2364 nov.
1621 2330 1706 2365 XCI
1723 2331 1844 2374 (1865)

287 2388 319 2421 p.
345 2376 416 2412 288
441 2377 479 2411 et
501 2376 538 2411 in
564 2376 670 2412 Haut.
697 2377 751 2412 ed.
777 2388 811 2421 p.
831 2376 876 2412 10
901 2387 936 2413 n.
954 2377 986 2412 5.
1008 2396 1049 2401 -
1076 2375 1249 2411 Reinhold
1268 2375 1387 2411 Klotz:
1413 2377 1490 2411 Ter.
1509 2377 1563 2412 ed.
1582 2376 1705 2422 (1865)
1731 2377 1843 2421 praef.

288 2435 319 2468 p·
348 2425 391 2522 13.)
406 2423 715 2515 Βςοξνὲὲηξιῃϋίἶ
739 2423 932 2523 §1335ssss
936 2433 987 2504 ’ss
990 2434 1079 2514 εὕρ
1098 2471 1158 2509 74)
1183 2471 1295 2504 totum
1320 2469 1513 2523 prologum·
1528 2469 1634 2505 talem
1659 2480 1738 2523 esse
1764 2480 1845 2513 pro-

287 2516 479 2561 nuntiavit,
524 2515 664 2562 qualem
695 2527 716 2552 a
746 2517 850 2562 poeta
879 2527 947 2551 iam
978 2518 1118 2563 cognito
1152 2517 1396 2562 exspectarem
1429 2515 1599 2552 Sumliter
1624 2516 1663 2553 O.
1690 2515 1845 2552 Ribbeck

287 2564 381 2608 (hist.
400 2575 495 2608 poes.
513 2564 658 2599 Rom.’1
674 2576 708 2608 p.
728 2564 808 2607 159)
835 2566 871 2598 et
889 2564 961 2599 Leo
978 2565 1108 2608 (studia
1119 2564 1291 2599 Plautina.
1315 2563 1474 2599 Berolini
1500 2564 1590 2600 1895
1616 2576 1648 2609 p.
1666 2564 1713 2599 89
1737 2575 1772 2598 n.
1790 2564 1846 2607 3);

287 2621 404 2655 neque
429 2611 598 2646 maiorem
624 2611 868 2646 auctoritatem
895 2611 1036 2654 liabent,
1067 2622 1156 2655 quae
1182 2611 1336 2646 Karsten
1359 2611 1404 2646 de
1428 2622 1486 2645 vv.
1507 2612 1615 2654 1-43
1640 2612 1680 2653 33
1704 2610 1846 2645 24-28

288 2659 325 2692 et
348 2658 392 2693 de
418 2668 475 2693 vv.
495 2659 527 2702 7,
556 2659 611 2701 17,
636 2657 778 2694 20-23
802 2657 943 2693 iudicat.
972 2678 1013 2683 —
1040 2657 1087 2694 cf.
1105 2657 1193 2693 Leo:
1219 2656 1320 2694 Anal.
1344 2656 1458 2694 Plaut.
1483 2656 1506 2693 1.
1531 2657 1554 2693 l.
1580 2669 1613 2702 p.
1632 2657 1675 2692 21
1703 2656 1782 2693 adn.
1801 2676 1845 2683 —

287 2705 441 2742 Schanz:
467 2706 559 2741 Hist.
584 2705 650 2741 litt.
677 2705 824 2742 Rom.²l
850 2717 882 2751 p.
902 2707 957 2741 77.
987 2726 1027 2731 —
1054 2704 1245 2742 Meissner:
1273 2706 1379 2742 Andr.
1408 2706 1462 2741 ed.
1489 2717 1522 2751 p.
1541 2706 1598 2741 22.
