2067 3311
894 91 1185 133 ...39-

382 208 487 251 Tum
520 222 631 264 vero,
661 210 705 253 id
735 209 848 265 quod
873 211 1001 264 caput
1024 211 1099 261 est,
1128 207 1225 250 illos
1249 220 1398 250 versus
1422 208 1474 250 ab
1499 207 1818 250 Heautontimo-

266 269 432 310 rumeni
456 268 626 324 prologo
650 269 808 311 alienos
833 280 924 311 esse
948 266 1067 308 nullo
1090 267 1174 309 nisi
1196 267 1319 309 fallor
1342 268 1443 310 satis
1466 266 1671 323 probabili
1694 281 1818 323 argu-

266 330 406 369 mento
443 328 771 370 demonstratum
809 331 883 368 est.
943 325 1097 379 Immo,
1133 326 1209 368 hos
1241 339 1386 369 versus
1416 327 1508 368 loco
1538 326 1691 369 tradito
1720 326 1819 369 ferri

265 397 387 440 posse
407 388 449 428 et
470 385 884 442 Umpfenbachius⁸⁹)
901 388 942 426 et
958 382 1041 426 Leo
1057 384 1097 438 (l.
1114 397 1146 427 s.
1162 397 1194 426 s.
1210 398 1249 440 p.
1266 384 1512 439 20—24)⁹⁰)
1533 385 1819 427 ostenderunt.

383 455 576 512 Denique
612 470 666 499 ne
701 456 745 498 id
777 455 945 511 quidem
977 454 1198 511 probatum
1229 459 1293 497 est
1323 455 1401 498 hoc
1430 454 1628 509 Hecyrae
1658 455 1818 511 prologi

267 515 357 557 loco
393 515 586 557 lacunam
617 516 744 557 hiare.
805 513 955 569 Neque
984 513 1116 567 enim,
1152 515 1188 556 si
1219 518 1474 556 structuram
1503 516 1817 570 grammaticam

265 576 591 627 respexerimus,
628 574 728 616 dum
767 573 890 614 modo
919 585 974 615 ne
1006 573 1132 615 verba
1161 586 1259 614 cum
1289 572 1413 615 Ihnio
1443 586 1659 628 perperam
1689 574 1818 615 inter-

266 636 496 685 pretemur,
536 632 729 674 lacunam
776 631 1059 673 demonstrare
1102 643 1336 686 possumus.
1403 631 1554 686 Neque
1597 632 1730 686 magis
1772 635 1820 672 in

266 693 466 732 contextu
508 691 712 733 sermonis
755 691 982 745 quicquam
1024 690 1293 732 desideratur.
1354 691 1414 732 At
1456 703 1603 732 versus
1649 690 1672 730 7
1714 694 1756 732 et
1791 690 1819 731 8

267 750 438 791 omnino
477 762 562 791 non
603 750 712 791 inter
750 762 794 791 se
833 750 1047 791 coniuncti
1086 752 1196 790 sunt.
1263 747 1381 791 Num
1420 750 1551 801 igitur
1586 750 1631 790 in
1671 749 1821 791 ceteris

266 807 449 863 prologis
472 808 664 863 singulae
683 814 821 862 partes
840 808 1082 862 rhetoricae,
1107 820 1213 862 quas
1234 808 1415 862 quisque
1434 807 1599 850 Terenti
1622 806 1820 863 prologus

267 867 470 920 continet,
504 868 616 909 inter
650 879 696 909 se
733 866 950 922 colligatae
986 870 1112 921 atque
1141 865 1369 921 implicitae
1399 867 1581 921 suntP⁹¹)
1641 866 1818 908 Nullum

266 926 395 979 igitur
423 926 648 980 vestigium
679 938 776 967 cum
806 929 953 978 exstet,
984 938 1068 979 quo
1099 926 1166 967 usi
1190 926 1304 967 hunc
1328 926 1549 979 prologum
1571 925 1819 967 lacunosum

267 996 358 1025 esse
394 984 679 1027 demonstrare
715 997 956 1039 possumus,
992 997 1046 1026 ne
1081 983 1135 1026 ob
1171 996 1262 1026 eam
1301 984 1469 1039 quidem
1501 996 1590 1026 rem
1620 984 1673 1025 ad
1703 983 1821 1025 illam

267 1044 515 1084 sententiam
551 1044 884 1097 progrediemur,
921 1044 1033 1096 quod
1064 1043 1132 1083 hic
1162 1043 1359 1096 prologus
1390 1042 1663 1084 brevissimus
1692 1043 1820 1091 est.⁹²)

386 1112 590 1156 Putamus
626 1126 725 1168 ergo
765 1113 984 1169 prologum
1019 1112 1212 1167 Hecyrae
1247 1113 1446 1168 priorem,
1496 1113 1665 1169 qualem
1701 1116 1821 1169 poeta

266 1172 355 1226 ipse
399 1173 586 1227 scripsit,
632 1172 758 1214 talem
802 1173 1028 1214 memoriae
1064 1172 1265 1213 traditum
1295 1184 1396 1214 esse.
1457 1172 1649 1214 Brevitas
1679 1176 1821 1213 autem

268 1230 428 1285 prologi
453 1244 477 1273 a
501 1231 804 1274 consuetudine
827 1234 973 1286 poetae
996 1230 1133 1273 aliena
1156 1243 1254 1273 cum
1279 1243 1363 1272 non
1389 1231 1676 1286 neglegentiae
1696 1230 1820 1272 libra-

268 1291 439 1342 riorum,
476 1291 547 1331 sed
579 1291 752 1332 consino
782 1292 915 1345 ipsius
945 1294 1091 1345 poetae
1121 1289 1332 1343 debeatur,
1371 1303 1448 1331 cur
1477 1295 1599 1345 poeta
1629 1289 1822 1343 Hecyrae

269 1346 344 1402 (II)
386 1349 605 1405 prologum
651 1353 743 1391 octo
788 1353 953 1391 tantum
999 1361 1200 1391 versuum
1244 1349 1520 1404 praemiserit,
1567 1349 1820 1404 quaerimus.

272 1407 364 1449 Hoc
394 1408 524 1461 nulla,
555 1409 689 1463 credo,
720 1421 765 1451 re
796 1409 1041 1463 explicatur,
1072 1409 1155 1450 nisi
1185 1421 1246 1462 eo,
1278 1408 1389 1463 quod
1415 1408 1581 1450 Terenti
1605 1407 1822 1463 Adelphoe

268 1467 393 1521 paulo
424 1471 521 1508 ante
557 1471 648 1509 acta
690 1473 787 1509 erat.
849 1467 898 1508 In
947 1468 1075 1508 huius
1119 1470 1261 1508 autem
1306 1466 1474 1509 fabulae
1518 1468 1690 1522 prologo
1735 1479 1820 1508 non

269 1525 391 1567 modo
423 1525 759 1567 adversariorum
789 1525 1020 1568 maledictis
1050 1525 1330 1580 responderat,
1361 1526 1433 1567 sed
1464 1526 1590 1567 etiam
1620 1526 1676 1578 id,
1707 1525 1821 1580 quod

268 1583 364 1625 illos
396 1584 474 1626 sibi
506 1585 674 1626 crimini
705 1584 876 1626 daturos
906 1596 996 1626 esse
1025 1584 1208 1639 putabat,
1239 1585 1363 1639 plane
1393 1583 1655 1625 refutaverat.
1708 1581 1820 1633 Quid

271 1643 399 1697 igitur
428 1643 620 1696 restabat,
652 1644 765 1698 quod
795 1644 839 1684 in
862 1642 1053 1695 Hecyrae
1077 1642 1249 1697 prologo
1279 1643 1417 1697 priore
1447 1641 1673 1685 tractaret?
1703 1641 1819 1684 Nihil

269 1702 473 1743 eiusmodi
505 1715 645 1743 rerum
676 1703 842 1757 repetit,
873 1701 946 1743 sed
980 1700 1161 1743 breviter
1190 1701 1243 1743 de
1271 1700 1440 1755 Hecyra
1465 1702 1649 1756 primum
1673 1705 1822 1743 exacta

269 1762 451 1814 exponit.
526 1760 592 1801 Ex
639 1761 716 1801 hac
760 1761 887 1812 igitur
931 1773 977 1802 re
1022 1772 1219 1815 apparere
1261 1761 1365 1801 mihi
1401 1760 1569 1802 videtur
1606 1760 1822 1815 Adelphos

269 1819 380 1860 ludis
410 1818 656 1860 funebribus
688 1818 731 1860 L.
765 1819 918 1860 Aemili
949 1818 1088 1860 Paulli
1119 1819 1243 1873 paulo
1275 1823 1372 1860 ante
1402 1818 1614 1872 Hecyram
1637 1819 1823 1873 primiun

269 1878 458 1918 iteratam
489 1882 623 1919 actam
654 1890 753 1919 esse.

389 2087 432 2133 89)
458 2088 629 2125 Analecta
651 2089 863 2125 Terentiana
885 2099 918 2135 p.
948 2089 991 2123 14
1016 2098 1066 2135 sq.

390 2147 433 2193 ⁹⁰)
459 2148 505 2182 cf.
531 2159 668 2194 quoque
695 2148 923 2183 Amdohrium
948 2147 970 2182 l.
997 2157 1024 2182 S.
1050 2159 1078 2183 s.
1105 2159 1137 2193 p.
1166 2149 1206 2182 ll
1235 2159 1309 2193 sqq.
1341 2148 1527 2193 (imprimis
1553 2160 1584 2194 p.
1613 2147 1681 2192 12).

391 2206 436 2249 ⁹¹)
462 2206 574 2249 Quam
618 2216 723 2252 saepe
760 2206 918 2252 singulae
955 2205 1176 2252 prologorum
1214 2207 1332 2251 partes
1369 2206 1465 2242 nullo
1506 2206 1647 2241 omnino
1684 2206 1825 2241 vinculo

270 2254 386 2288 addito
411 2254 543 2299 positae
569 2253 656 2297 sint,
688 2255 729 2288 ut
757 2253 959 2299 intellegas,
991 2254 1154 2289 conferas
1186 2253 1291 2289 haec:
1322 2254 1360 2288 in
1386 2253 1494 2289 Andr.
1521 2253 1608 2299 prol.
1633 2265 1691 2289 vv.
1717 2253 1764 2288 23
1788 2254 1827 2288 et

270 2301 317 2335 24
346 2300 459 2335 solum
490 2300 607 2346 figura
629 2301 816 2344 rhetorica,
841 2311 931 2346 quae
956 2302 1264 2347 ,,παρονομασία“
1289 2301 1435 2344 dicitur,
1466 2301 1562 2336 inber
1583 2311 1622 2335 se
1647 2300 1826 2336 coniuncti

270 2348 375 2391 sunt3
400 2347 438 2382 in
462 2347 590 2382 Heaut.
617 2347 702 2393 prol.
728 2347 812 2395 quid
827 2347 987 2382 dicturus
1012 2347 1070 2392 sit,
1094 2347 1278 2382 Ambivius
1295 2359 1328 2382 v.
1346 2348 1368 2383 3
1393 2347 1547 2391 indicat3
1573 2348 1693 2383 tamen
1709 2347 1825 2392 priua-

270 2405 375 2440 quam
398 2394 487 2429 haec
512 2394 684 2440 promissa
706 2394 809 2438 dicat,
834 2393 902 2430 alia
918 2395 961 2430 ad
986 2394 1142 2430 fabulam
1159 2395 1472 2430 commendandam
1488 2394 1691 2430 necessaria
1713 2394 1825 2430 inter—

271 2441 369 2486 ponit
393 2443 464 2487 (vv.
482 2442 608 2487 4-9);
633 2441 670 2476 in
695 2442 837 2477 Phorm.
862 2441 948 2488 prol.
975 2452 1097 2477 omnes
1118 2441 1277 2488 singulae
1294 2443 1412 2488 partes
1430 2452 1554 2488 parum
1571 2443 1647 2477 arte
1664 2452 1825 2477 annexae

271 2490 369 2524 sunt:
403 2489 449 2524 cf.
476 2500 532 2524 vv.
562 2491 602 2524 11
630 2493 667 2524 et
694 2489 735 2524 12
762 2489 950 2533 („nunc“);
982 2500 1039 2523 w.
1064 2489 1110 2525 23
1136 2492 1174 2524 et
1196 2489 1244 2523 24
1274 2490 1461 2535 („nunc“);
1492 2489 1529 2524 in
1560 2488 1710 2534 Adelph.
1736 2488 1825 2534 prol.

272 2536 318 2571 cf.
344 2547 401 2570 vv.
427 2535 470 2570 21
492 2537 529 2572 et
544 2535 590 2571 22
617 2536 839 2580 (,‚dehinc“);
863 2536 901 2570 in
917 2536 1007 2573 Hec.
1032 2536 1119 2582 prol.
1137 2536 1173 2571 II
1199 2536 1246 2571 cf.
1264 2547 1321 2571 vv.
1351 2536 1393 2572 19
1419 2538 1457 2572 et
1479 2536 1527 2572 20
1550 2537 1653 2582 (voce
1682 2538 1825 2580 „nunc“

272 2583 317 2617 fit
340 2583 535 2625 transitus).
562 2603 607 2609 —-
632 2584 679 2618 cf.
706 2582 955 2628 Umpfenbach
978 2582 1002 2618 l.
1028 2593 1057 2619 s.
1082 2594 1110 2618 s.
1137 2594 1170 2629 p.
1200 2584 1305 2630 14s15
1332 2585 1369 2619 et
1392 2584 1464 2619 Leo
1489 2583 1512 2618 l.
1537 2594 1565 2618 s.
1590 2593 1618 2618 s.
1645 2594 1678 2629 p.
1704 2583 1762 2619 23.

392 2641 435 2684 ⁹²)
460 2642 506 2676 cf.
532 2641 819 2677 Herrmanowski
840 2640 864 2676 l.
883 2652 910 2676 s.
928 2649 957 2676 s.
975 2653 1008 2686 p.
1029 2641 1072 2676 12
1090 2652 1140 2688 sq.
1168 2661 1209 2667 --
1237 2641 1486 2687 Umpfenbach
1502 2641 1525 2677 l.
1544 2652 1571 2677 s.
1589 2652 1617 2677 s.
1636 2652 1668 2687 p.
1689 2641 1732 2676 12
1750 2652 1825 2687 sqq.

276 2708 321 2713 —
346 2689 391 2723 cf.
419 2689 524 2725 etiam
551 2688 657 2725 Fabia
681 2688 703 2725 l.
729 2689 757 2724 s'.
784 2699 811 2724 s.
838 2700 870 2735 p.
897 2688 977 2725 304.
