2067 3311
851 161 1139 204 ..11—

338 281 443 324 Tum
480 283 668 325 alteram:
705 283 1213 325 Heautontimorumenon
1250 280 1428 335 primam
1464 278 1647 321 fabulam
1687 291 1772 320 non

222 353 313 383 esse
338 341 672 384 concludendum
698 346 761 384 est
784 355 879 384 cum
906 354 961 384 ex
985 353 1088 383 voce
1108 339 1291 395 ,dictitat‘
1312 340 1366 393 (v.
1383 338 1457 393 22)
1478 342 1568 380 tum
1591 338 1774 379 maxime

225 412 280 442 ex
310 399 503 442 versibus
535 400 723 443 16-18:

433 458 565 513 „Nam
596 461 708 516 quod
738 471 927 502 rumores
958 459 1212 501 distulerunt
1242 457 1439 510 malivoli,

433 517 587 561 Multas
616 519 920 561 contaminasse
950 517 1142 568 GraecaS,
1172 517 1274 559 dum
1305 516 1425 558 facit

432 576 623 619 Paucas
653 577 885 620 Latinas“
915 590 977 632 sq.

340 635 377 678 3.
408 634 458 677 In
493 635 706 679 Eunuchi
738 636 909 692 prologo
939 635 1056 678 nulla
1086 638 1253 677 exstant
1279 635 1470 689 vestigia,
1502 633 1657 688 quibus
1688 645 1771 687 quo

220 697 405 749 tempore
444 695 546 738 haec
579 695 723 738 fabula
759 698 851 737 acta
885 696 952 749 sit,
988 698 1181 737 accurate
1210 697 1496 750 cognoscatur.
1556 691 1773 734 Nonnulla

223 757 376 808 autem,
401 755 476 796 etsi
502 755 553 796 ad
579 758 744 811 tempus
767 757 960 796 accurate
984 753 1270 796 definiendum
1293 751 1468 795 minime
1488 751 1638 793 idonea
1662 754 1773 804 sunt,

220 814 488 856 memoranda
517 817 635 856 sunt:
804 843 806 845 -

342 872 373 915 Ι.
405 872 473 913 Ex
498 886 564 913 vv,
590 874 716 925 1—3,
747 871 902 927 quibus
932 884 1024 913 sese
1048 873 1093 912 in
1118 883 1263 912 eorum
1289 883 1480 920 numero,
1511 870 1585 924 qui
1609 870 1773 924 placere

221 943 266 972 se
296 931 491 973 studeant
520 930 643 973 bonis
667 943 792 986 quam
818 929 1012 985 plurimis
1036 933 1078 971 et
1103 930 1273 970 minime
1298 928 1453 970 multos
1477 928 1652 982 laedere,
1682 940 1773 969 esse

218 993 339 1045 poeta
369 990 491 1041 dicat,
521 1001 719 1045 apparere
749 989 852 1031 mihi
877 989 1044 1031 videtur
1065 988 1305 1030 Terentium
1337 988 1439 1030 alias
1464 992 1585 1029 antea
1609 986 1772 1028 fabulas

219 1048 421 1102 docuisse,
456 1048 708 1090 Eunuchum
739 1048 870 1103 igitur
898 1060 982 1090 non
1014 1048 1193 1103 primam
1222 1047 1407 1089 fabulam
1439 1058 1540 1089 esse.

337 1107 392 1150 ΙΙ.
415 1106 482 1149 Ex
502 1121 538 1150 v,
552 1108 581 1149 4
594 1120 673 1163 sq.:
694 1106 824 1161 „Tum
838 1107 874 1150 si
891 1108 987 1163 quis
1002 1110 1076 1161 est,
1095 1107 1169 1163 qui
1184 1106 1344 1149 dictum
1358 1107 1403 1147 in
1420 1118 1465 1148 se
1478 1105 1771 1148 inclementius

429 1166 777 1208 Existumavit
806 1179 908 1220 esse,
938 1168 999 1208 sic
1029 1167 1277 1208 existumeffl
1308 1178 1370 1220 sq.

221 1228 393 1280 apparet
409 1224 648 1267 Terentium
674 1225 803 1267 alium
829 1229 952 1267 antea
974 1226 1196 1281 prologum
1215 1226 1441 1279 scripsisse,
1466 1237 1550 1278 quo
1571 1222 1770 1265 Luscium

218 1296 439 1339 aggressus
468 1284 623 1339 erat.1⁹)

337 1342 415 1384 111.
447 1341 624 1385 Luscius
660 1346 885 1398 antequam
921 1343 1056 1398 prima
1091 1345 1237 1398 poetae
1273 1343 1372 1383 novi
1409 1341 1771 1396 adulescentisque

220 1400 364 1443 fabula
392 1405 596 1456 ageretur,
626 1402 667 1443 id
699 1402 952 1457 spectavisse
982 1402 1156 1443 minime
1179 1401 1391 1457 putandus
1415 1406 1489 1455 est,
1520 1404 1568 1442 ut
1591 1412 1684 1442 eam
1708 1402 1769 1441 in·

217 1461 392 1515 spiceret
407 1460 472 1515 (cf.
488 1474 527 1502 v.
542 1461 562 1501 1
571 1461 596 1502 9
612 1460 716 1516 sqq.)
724 1461 787 1515 ;2⁰)
805 1460 1077 1516 quamobrem
1088 1459 1320 1503 Eunuchus
1335 1464 1445 1502 certe
1460 1460 1595 1516 prima
1604 1459 1769 1501 Terenti

216 1519 357 1561 fabula
388 1532 471 1561 non
502 1524 575 1561 est.

335 1580 374 1621 4.
390 1578 522 1621 Multo
538 1579 660 1635 plura
675 1582 715 1621 et
728 1579 904 1621 cert-iora
916 1592 972 1621 ex
988 1578 1302 1621 ''horn-lionis
1316 1579 1487 1634 prologo
1500 1577 1767 1621 lucrabimur.

334 1640 372 1691 a)
403 1651 457 1680 ex
480 1652 551 1682 vv.
578 1639 710 1680 1—3:
744 1638 995 1693 „Postquam
1026 1643 1148 1693 poeta
1178 1643 1297 1681 vetus
1328 1645 1492 1693 poetam
1524 1652 1604 1679 non
1634 1642 1768 1693 potest

426 1696 649 1739 Retrahere
681 1711 706 1738 a
735 1697 873 1739 studio
904 1702 945 1739 et
975 1698 1188 1739 transdere
1218 1698 1428 1738 hominem
1462 1699 1505 1737 iu
1537 1698 1682 1750 otium,

429 1755 662 1798 Maledictis
693 1756 897 1798 deterrere
927 1769 981 1798 ne
1011 1755 1176 1810 scribat,
1205 1756 1345 1811 parat“

217 1814 354 1855 elucet
373 1815 681 1855 contentionem
701 1815 810 1855 inter
824 1813 1022 1856 Luscium
1041 1819 1080 1856 et
1095 1815 1334 1856 Terentium
1351 1815 1611 1869 aliquamdiu
1626 1815 1766 1856 fuisse.

335 1871 376 1926 b)
397 1884 453 1915 ex
472 1885 510 1915 v.
527 1874 575 1915 4:
602 1870 709 1927 „Qui
733 1873 791 1915 ita
816 1873 988 1927 dictitat,
1013 1886 1136 1928 quas
1166 1873 1376 1914 antehac
1402 1874 1521 1914 fecit
1550 1872 1768 1926 fabulas,

425 1931 558 1974 Tenui
589 1945 679 1974 esse
709 1933 895 1974 oratione
926 1937 967 1974 et
997 1934 1202 1987 scriptura
1231 1932 1340 1974 levi“

216 1993 386 2045 apparet
414 1989 654 2033 Terentium
685 1991 920 2046 complures
950 1991 1113 2033 fabulas
1144 1995 1265 2033 antea
1296 1992 1497 2033 docuisse.

333 2050 370 2103 c)
403 2050 507 2105 quin
537 2050 665 2092 etiam
695 2050 930 2105 complures
960 2050 1123 2092 fabulas
1146 2050 1328 2105 prologis
1353 2051 1559 2105 praeditas
1583 2054 1769 2093 anteces-

216 2109 321 2151 sisse
351 2109 631 2164 comperimus
662 2122 717 2152 ex
746 2123 786 2152 v.
819 2110 874 2152 13
904 2122 1012 2165 sqq.:

334 2250 377 2296 ¹⁹>
402 2250 478 2286 Hac
502 2261 543 2286 re
569 2250 735 2286 commoti
759 2251 1046 2287 Herrmanowski
1071 2251 1108 2298 (1.
1127 2251 1150 2287 l.
1163 2263 1198 2297 p.
1212 2253 1256 2288 37
1271 2263 1305 2287 n.
1323 2252 1380 2295 19)
1406 2253 1444 2287 et
1467 2250 1769 2288 Paeckelmannus

213 2296 251 2342 (l.
275 2307 303 2332 s.
328 2307 357 2332 s.
382 2307 416 2341 p.
439 2297 511 2341 43).
548 2297 711 2333 Eunuchi
734 2297 916 2344 prologum
940 2300 1021 2343 post
1041 2299 1433 2334 Heautontimorumeni
1458 2299 1639 2344 prologum
1663 2310 1767 2344 posu-

214 2344 329 2379 erunt.
379 2344 510 2380 Tamen
533 2344 571 2379 in
595 2356 626 2380 u*
643 2343 763 2381 littera
785 2345 884 2381 nulla
906 2348 962 2382 est
985 2346 1088 2382 fides.
1114 2357 1195 2381 nam
1214 2346 1409 2382 sescenties
1432 2357 1454 2381 a
1474 2346 1624 2381 librariis
1647 2357 1728 2382 cum
1746 2347 1767 2381 b

213 2390 382 2426 confundi
412 2401 491 2426 eam
520 2393 659 2427 constat
688 2393 749 2435 (cf.
776 2393 929 2428 Gramm.
954 2393 1030 2428 Lat.
1056 2394 1126 2428 VII
1151 2404 1184 2438 p.
1212 2394 1281 2429 138
1306 2393 1410 2437 Keil).
1443 2393 1670 2438 quamobrem
1701 2394 1767 2429 hoc

214 2448 352 2483 quoque
377 2436 453 2473 loco
478 2437 764 2482 „existumabit‘·,
789 2440 881 2485 quod
905 2441 1044 2486 spectet
1068 2441 1111 2475 ad
1130 2451 1174 2476 ea
1189 2441 1357 2484 convicia,
1383 2451 1472 2486 quae
1490 2440 1675 2476 Terentius
1691 2441 1767 2485 ipso

212 2485 251 2520 in
274 2484 437 2520 Eunuchi
469 2484 611 2531 prologo
641 2486 801 2522 dicturus
825 2487 887 2527 sit.
919 2488 1043 2523 eodem
1074 2488 1153 2523 fere
1177 2487 1255 2523 iure
1279 2487 1350 2533 legi
1374 2490 1499 2533 potest.
1550 2488 1635 2533 quin
1660 2488 1766 2523 etiam

212 2532 302 2568 haec
328 2531 435 2568 lectio
459 2532 696 2577 praeferenda
719 2544 798 2569 esse
822 2534 910 2569 mihi
933 2534 1085 2578 videtur,
1117 2546 1199 2570 cum
1223 2545 1348 2579 parum
1373 2534 1539 2571 credibile
1565 2535 1611 2570 sit
1634 2535 1766 2570 Teren-

212 2579 302 2615 tium
325 2580 543 2625 spectatores
566 2579 611 2616 de
636 2581 816 2624 conviciis,
841 2581 967 2627 quibus
992 2581 1101 2618 multo
1126 2584 1208 2618 ante
1234 2584 1357 2618 contra
1372 2582 1539 2618 Luscium
1557 2592 1642 2618 usus
1658 2584 1765 2627 esset,

212 2627 403 2663 monuisse.
453 2626 529 2670 Quo
553 2626 698 2671 probato
721 2628 808 2664 illud
834 2629 939 2675 „quia
961 2629 1065 2666 laesit
1087 2630 1205 2675 prior·‘
1230 2633 1278 2674 (v.
1303 2631 1340 2675 6)
1365 2631 1522 2676 pertinet
1537 2631 1579 2665 ad
1597 2641 1651 2672 ea,
1675 2641 1766 2675 quae

211 2675 247 2710 in
280 2674 532 2711 exercitatione
562 2675 739 2719 scaenica,
775 2687 866 2721 quae
896 2677 1156 2723 magistratibus
1180 2678 1377 2724 Luscioque
1404 2677 1648 2724 praesentibus
1671 2678 1767 2715 facta

212 2724 300 2767 erat,
324 2722 534 2758 acciderant.
710 2749 713 2753 .

332 2769 376 2816 ²⁰)
401 2769 447 2805 cf.
472 2769 568 2805 infra
591 2780 624 2815 p.
650 2770 697 2805 40
721 2781 755 2805 n.
782 2770 838 2807 93.
