2067 3311
885 196 1148 242 -6—

237 320 388 375 facit.⁸)
461 319 625 362 Deinde
667 333 765 362 cum
808 320 899 362 eius
929 319 1092 375 prologi
1134 320 1187 362 ad
1230 334 1358 364 unam
1402 323 1609 365 actionem
1650 319 1793 375 scripti

236 382 382 434 postea
413 379 608 434 usurpari
639 379 811 420 omnino
842 390 927 419 non
958 379 1182 433 potuerint,
1212 392 1267 422 ne
1296 380 1340 422 id
1372 381 1542 437 quidem
1566 378 1792 434 excogitari

237 442 374 493 potest
403 438 627 480 histriones
658 450 729 480 eos
760 436 1089 493 interpolavisse.
1134 436 1240 481 Tum
1272 440 1445 483 minime
1475 438 1700 483 verisimile
1730 440 1794 480 est

235 497 529 552 grammaticos
553 497 802 552 posteriores
827 497 903 538 hos
926 495 1122 551 prologos
1151 500 1382 541 mutavisse
1402 510 1540 553 neque
1559 497 1791 553 putandum

237 560 300 597 est
329 555 535 612 prologos,
566 568 663 597 cum
688 555 855 597 Terenti
886 554 1054 597 fabulae
1084 556 1129 597 in
1159 556 1301 599 schola
1325 557 1648 613 perlegerentur,
1677 554 1792 597 labes

236 615 662 670 interpolationesque
681 627 899 670 perpessos
915 612 1052 670 esse.⁴)
1099 613 1294 671 Denique
1309 617 1391 658 iam
1409 614 1573 658 Donato
1588 614 1792 671 prologos,

238 673 383 728 quales
419 687 534 715 nunc
570 673 791 727 habemus,
826 676 992 729 praesto
1027 673 1159 716 fuisse
1196 687 1251 716 ex
1288 676 1379 717 eius
1411 674 1708 717 commentario
1739 674 1790 715 ad

234 732 402 774 Terenti
432 732 597 774 fabulas
628 733 856 787 composito
888 732 1138 787 discimus.⁶)

353 789 474 832 Haec
510 791 652 833 omnia
688 803 785 833 cum
815 790 969 833 animis
998 792 1206 847 complexi
1238 793 1407 846 erimus,
1437 790 1790 835 verisimillimum

235 862 326 892 esse
356 853 589 893 statuemus
618 850 813 906 prologos
842 849 1125 906 Terentianos,
1156 864 1253 894 cum
1279 852 1451 894 omnino
1475 856 1657 907 tempora
1684 849 1790 892 tule-

234 910 331 962 rint,
362 910 516 964 optime
546 913 733 951 servatos
763 921 865 951 esse.

354 966 471 1018 Quae
501 981 599 1010 cum
629 968 688 1011 ita
718 968 814 1023 sint,
851 968 1025 1011 minime
1055 971 1118 1011 est
1148 969 1404 1012 censendum
1436 967 1623 1024 singulos
1656 968 1787 1010 diver-

234 1039 377 1068 sorum
418 1027 689 1082 prologorum
731 1040 879 1069 versus
921 1028 979 1069 ita
1015 1028 1126 1069 inter
1162 1040 1207 1069 se
1246 1028 1476 1083 permixtos
1512 1027 1791 1082 confusosque

234 1099 336 1140 esse,
359 1088 407 1128 ut
430 1084 807 1139 Herrmanowskiss)
823 1086 970 1140 voluit,
993 1086 1066 1142 qui
1083 1085 1549 1135 Heautontimorumeni
1571 1086 1790 1142 prologum

234 1158 312 1186 suo
349 1144 552 1186 arbitratu
590 1145 829 1200 discerpens
866 1148 908 1187 et
943 1157 1091 1187 versus
1129 1145 1333 1200 quosdam
1364 1146 1460 1188 eicit
1489 1149 1530 1187 et
1559 1158 1706 1188 versus
1736 1158 1791 1186 ex

234 1202 329 1245 aliis
358 1203 542 1259 prologis
571 1204 723 1260 petitos
753 1204 797 1244 in
829 1204 943 1245 hunc
973 1204 1191 1259 prologum
1222 1204 1380 1245 inserit.

351 1262 502 1318 Neque
539 1264 674 1318 magis
710 1267 773 1306 est
803 1262 1019 1319 probabile
1050 1262 1156 1306 duos
1186 1262 1373 1306 eiusdem
1403 1261 1568 1306 fabulae
1597 1262 1791 1318 prologos

234 1321 280 1361 in
306 1334 440 1363 unum
468 1321 689 1376 prologum
713 1335 738 1362 a
761 1322 1046 1377 grammaticis
1070 1321 1367 1376 posterioribus
1392 1322 1458 1362 vel
1483 1321 1536 1362 ab
1561 1322 1790 1362 editoribus

236 1379 439 1423 conflatos
465 1393 569 1434 esse,
592 1380 636 1423 id
662 1381 775 1436 quod
800 1379 1068 1433 Karstenus⁷)
1093 1392 1228 1436 nuper
1251 1380 1406 1423 statuit.
1445 1377 1562 1431 Quae
1586 1380 1791 1423 sententia

356 1531 382 1575 ⁸)
408 1532 580 1576 Guyetus,
607 1531 667 1576 qui
692 1533 730 1566 et
753 1532 943 1576 utrumque
960 1530 1124 1575 Hecyrae
1146 1530 1328 1575 prologum
1345 1531 1382 1565 et
1397 1530 1789 1566 Heautontimorumeni

234 1577 415 1624 prologum
450 1578 717 1623 suppositicium
752 1588 832 1614 esse
866 1579 977 1623 putat,
1017 1577 1122 1613 nimis
1152 1576 1314 1613 futilibus
1338 1577 1554 1622 argumentis
1578 1577 1704 1613 nititur
1727 1578 1788 1620 (cf.

233 1625 356 1660 Fabia:
394 1624 447 1660 les
472 1625 658 1670 prologues
681 1626 726 1660 de
751 1623 917 1660 Terence.
966 1624 1067 1659 Paris
1094 1624 1186 1660 1888
1211 1635 1243 1669 p.
1270 1626 1290 1659 7
1317 1627 1354 1659 et
1378 1624 1449 1660 304
1472 1627 1556 1670 sq.);
1591 1624 1789 1660 Schindleri

233 1673 351 1707 autem
390 1672 569 1707 sententia
605 1671 896 1716 (,0bservationes
932 1671 1075 1707 criticae
1112 1673 1150 1707 et
1185 1671 1372 1706 historicae
1403 1671 1440 1706 in
1464 1671 1680 1707 Terentium‘
1704 1673 1788 1707 diss.

232 1719 347 1765 inaug.
386 1719 552 1755 Halensis
579 1718 696 1765 1881),
732 1719 792 1765 qui
824 1720 1016 1764 utrumque
1041 1718 1206 1764 Hecyrae
1236 1718 1418 1765 prologum
1443 1718 1487 1755 ab
1511 1718 1674 1755 Ambivio
1704 1730 1787 1755 con-

231 1767 402 1811 scriptum
438 1777 516 1802 esse
554 1766 631 1802 vult
662 1777 838 1812 quemque
863 1766 982 1802 Havet
1006 1768 1142 1810 (,revue
1167 1767 1212 1802 de
1237 1765 1368 1811 philon
1393 1767 1429 1802 X
1455 1766 1576 1813 [1886]
1600 1778 1635 1812 p.
1653 1768 1695 1803 13
1720 1769 1787 1813 sq.)

232 1815 269 1849 et
292 1813 428 1849 Hauler
452 1814 613 1859 (Ephem.
638 1825 758 1860 gymn.
784 1813 959 1849 Austriac.
980 1813 1071 1849 1885
1096 1824 1130 1858 p.
1149 1813 1232 1857 910)
1257 1812 1372 1849 secuti
1396 1815 1481 1849 sunt
1503 1815 1623 1856 (antea
1645 1814 1696 1850 ita
1718 1814 1788 1850 iam

231 1861 432 1897 Wilmanns
456 1861 628 1898 iudicarat
645 1861 682 1897 in
695 1861 779 1897 diss.
792 1861 912 1906 inaug.
938 1860 1015 1906 „De
1028 1859 1226 1897 didascaliis
1238 1860 1458 1897 Terentianis
1472 1860 1642 1906 [Berolini
1659 1861 1788 1908 1864]“

230 1909 324 1943 thesi
358 1910 512 1953 quarta),
550 1919 592 1944 eo
625 1910 717 1954 quod
744 1908 921 1953 Adelphos
951 1919 1044 1944 anno
1071 1908 1139 1944 160
1164 1919 1194 1944 a.
1221 1907 1303 1944 Chr.
1329 1920 1364 1943 n.
1391 1908 1542 1954 primum
1569 1910 1682 1944 actam
1709 1920 1787 1945 esse

229 1966 325 1991 nunc
363 1956 516 1999 constat,
554 1956 742 1991 refutatur.
780 1965 897 2001 neque
923 1955 1088 2001 Hecyrae
1119 1954 1283 2001 prologus
1307 1955 1399 1991 alter
1422 1955 1505 2001 quia
1527 1955 1662 1992 rariora
1684 1955 1788 2001 paulo

229 2002 401 2038 vocabula
423 2002 461 2038 in
486 2013 528 2038 eo
552 2002 685 2047 insunt,
710 2002 841 2039 idcirco
866 2002 1008 2048 spurius
1031 2003 1208 2048 putandus
1233 2003 1298 2038 est.

347 2050 375 2095 ⁴)
407 2051 453 2086 cf.
486 2050 526 2086 Ε.
552 2049 689 2087 Hauler
723 2050 761 2085 in
792 2049 1016 2087 Phormionis
1054 2050 1109 2086 ed.
1140 2049 1268 2086 tertiae
1305 2049 1413 2096 (Lips.
1450 2049 1555 2095 1898)
1592 2050 1786 2096 appendice

229 2098 352 2134 critica
374 2109 408 2142 p.
436 2098 504 2133 193
529 2098 597 2143 (ad.
623 2109 657 2133 v.
676 2099 748 2142 33).

347 2144 375 2188 ⁶)
400 2145 504 2180 Unus
528 2147 666 2180 tantum
691 2154 818 2180 versus
842 2145 970 2188 exstat,
996 2155 1042 2180 ex
1061 2155 1130 2190 quo
1149 2144 1364 2189 posteriores
1385 2144 1524 2180 Donato
1541 2145 1787 2190 grammaticos

228 2194 265 2226 in
290 2191 442 2238 prologis
461 2192 604 2227 Terenti
628 2192 821 2227 tractandis
844 2192 1006 2227 versatos
1031 2201 1110 2227 esse
1136 2190 1270 2235 elucet3
1295 2190 1448 2227 traditur
1471 2191 1567 2227 enim
1590 2191 1628 2227 in
1643 2191 1786 2229 Phorm.

228 2238 371 2284 prologo
395 2240 476 2284 post
499 2249 645 2274 versum
660 2240 703 2273 11
729 2239 767 2274 in
792 2238 970 2274 codicibus
983 2237 1132 2274 CEFGP
1155 2237 1214 2274 hic
1227 2247 1369 2273 versus:
1395 2238 1464 2282 „Et
1481 2238 1592 2284 magis
1604 2238 1788 2283 placerent

229 2296 316 2330 quas
339 2286 489 2322 fecisset
512 2285 686 2329 fabulas“,
712 2287 773 2331 qui
796 2285 876 2321 fere
901 2285 996 2320 idem
1020 2285 1059 2320 in
1075 2284 1230 2321 Andriae
1255 2284 1397 2331 prologo
1414 2289 1462 2326 (v.
1476 2285 1513 2331 3)
1528 2284 1668 2331 legitur.
1717 2285 1786 2323 Sed

228 2333 382 2377 primum
406 2333 465 2368 hic
489 2343 617 2369 versus
641 2332 897 2368 aPhormionis
921 2331 1064 2378 prologo
1087 2342 1233 2377 prorsus
1249 2331 1431 2376 abhorret3
1456 2332 1786 2379 deindeinoptimis

228 2379 406 2415 codicibus
436 2381 468 2415 A
493 2380 584 2424 (BD)
609 2379 752 2415 omnino
776 2380 887 2415 deest.
912 2379 1068 2424 denique
1092 2390 1139 2415 ne
1163 2379 1323 2414 Donatus
1347 2378 1490 2424 quidem
1514 2379 1580 2416 hoc
1603 2379 1679 2416 loco
1704 2392 1787 2417 eum

228 2425 325 2472 legit.
374 2426 429 2461 Ex
455 2425 583 2471 quibus
607 2425 726 2462 elucet
750 2435 894 2461 versum
918 2425 957 2460 in
981 2425 1204 2461 Phormionis
1227 2425 1369 2471 prologo
1396 2445 1438 2451 —
1463 2426 1615 2463 fortasse
1639 2438 1705 2473 per
1729 2439 1785 2464 er-

233 2484 352 2509 rorem
377 2473 511 2509 librarii
538 2493 579 2499 —
605 2472 858 2518 interpolatum
883 2483 973 2509 esse.

349 2520 376 2606 ‘⁷³3
402 2520 1012 2613 ffitffssffssnssfiiiififflfffimqiss·
1037 2519 1345 2603 ἓὲἒᾙωῖἒιὲωἰε
1364 2520 1551 2613 Ἒὲἳᾳῗίαέ
1568 2532 1642 2604 ⁸33·
1661 2570 1786 2605 doctus

224 2616 272 2651 de
297 2614 446 2662 singulis
470 2614 633 2651 versibus
657 2615 814 2660 exponit,
839 2587 994 2652 maxime
1018 2614 1125 2652 dubia
1147 2625 1239 2661 esse,
1264 2615 1356 2661 quod
1372 2615 1416 2652 ad
1432 2615 1654 2652 Phormionis
1670 2616 1785 2663 prolo-

226 2674 310 2708 gum
336 2662 475 2703 attinet,
501 2663 656 2698 ostendit
679 2663 718 2697 Ε.
745 2662 881 2698 Hauler
904 2665 941 2698 in
964 2663 1107 2698 Phorm.
1133 2663 1188 2698 ed.
1214 2674 1248 2707 p.
1276 2662 1343 2699 193
1368 2663 1437 2708 (ad.
1462 2675 1496 2699 v.
1514 2665 1586 2703 33).
1612 2684 1656 2689 —
1681 2664 1784 2700 Simi-

225 2709 310 2746 liter
333 2710 440 2755 atque
462 2709 662 2745 Karstenus
684 2711 790 2745 antea
809 2709 879 2744 iam
897 2709 1104 2745 Roetterus:
1138 2709 1183 2745 de
1209 2709 1609 2746 Heautontimorumeno
1625 2711 1785 2747 Terenti-

225 2768 303 2793 ana.
354 2754 786 2803 Gymnasial-Programm
821 2768 891 2792 von
927 2756 1111 2803 Bayreuth
1137 2756 1228 2794 1892
1259 2768 1292 2803 p.
1318 2756 1366 2795 20
1389 2767 1465 2805 sqq.
1491 2758 1537 2795 cf.
1564 2757 1603 2796 Ο.
1629 2757 1786 2797 Ribbeck

226 2815 366 2852 quoque
390 2804 428 2839 in
452 2804 534 2842 hist.
560 2803 759 2842 litterarum
784 2804 884 2842 Rom,
937 2804 978 2840 Ἰ.
1005 2804 1126 2851 (1894)
1149 2815 1183 2852 p.
1211 2804 1289 2841 159.
