2067 3311
925 141 1216 180 -68—

289 258 502 314 Luscique
533 260 670 300 rixam
707 259 938 313 pertinent,
975 259 1265 313 comperimus.
1327 257 1492 299 Scimus
1531 258 1642 298 enim
1675 259 1716 297 et
1747 256 1846 310 quid

288 316 508 359 Terentius
533 317 782 359 adversariis
806 317 850 358 in
876 317 1060 373 prologis
1084 316 1292 370 obiecerit,
1316 320 1358 357 et
1382 328 1491 371 quae
1512 315 1847 357 adversariorum

290 376 467 416 crimina
497 375 716 417 Terentius
759 376 803 416 in
846 375 1031 430 prologis
1070 375 1322 417 refutaverit.
1393 374 1666 416 Adversarios
1706 376 1846 414 autem

288 446 373 475 non
406 434 544 475 solum
567 434 612 477 in
636 433 831 489 prologis,
855 434 929 476 sed
961 435 1086 476 etiam
1111 434 1152 475 in
1180 431 1442 475 sermonibus
1466 431 1685 473 cotidianis
1710 431 1845 472 aliove

288 494 413 535 modo
442 492 684 536 Terentium
724 493 894 536 laesisse
930 506 1028 536 cum
1058 493 1306 547 viderimus,
1340 491 1464 548 plane
1492 490 1584 534 fieri
1615 493 1760 546 potest,
1797 493 1847 531 ut

288 551 508 594 Terentius
551 565 721 608 quoque
763 553 831 593 hic
872 552 959 593 illic
1001 553 1083 593 alio
1126 552 1209 594 telo
1250 555 1413 607 praeter
1442 549 1636 606 prologos
1668 550 1720 591 ad
1750 549 1845 591 illos

289 612 515 654 laedendos
545 616 619 654 aut
649 612 701 654 ad
732 624 777 654 se
808 611 1116 653 defendendum
1147 624 1252 653 usus
1282 612 1346 653 sit.

610 765 772 828 Caput
810 765 865 812 II:
903 764 980 817 De
1016 762 1224 816 fabulis
1262 762 1528 816 emendis,

407 857 501 900 Hoc
525 859 659 914 capite
684 856 809 899 nobis
835 858 1121 913 quaerendum
1147 861 1221 912 est,
1253 870 1360 912 quae
1384 860 1490 899 ratio
1516 858 1626 899 inter
1649 858 1847 900 ludorum

289 920 504 958 curatores
534 920 576 959 et
606 916 798 958 dominos
834 919 973 971 gregis
1012 920 1054 958 et
1082 920 1225 971 poetas
1255 918 1298 957 in
1331 915 1484 958 fabulis
1515 919 1557 958 et
1587 916 1775 958 emendis
1805 917 1847 956 et

291 975 545 1030 usurpandis
581 978 716 1017 aetate
745 974 995 1017 Terentiana
1038 975 1150 1030 apud
1180 974 1393 1016 Romanos
1430 975 1720 1017 intercesserit.
1783 972 1847 1014 Ne

289 1034 398 1076 hanc
430 1034 597 1090 quidem
632 1046 720 1076 rem
752 1034 947 1090 equidem
979 1035 1140 1091 primus
1179 1037 1434 1076 tractaturus
1464 1046 1577 1088 sum,
1615 1034 1687 1077 sed
1725 1037 1847 1076 antea

289 1094 361 1134 alii
380 1094 462 1134 viri
482 1094 592 1134 docti
611 1106 704 1135 eam
721 1095 811 1135 sive
831 1095 1059 1148 tetigerunt
1083 1095 1174 1135 sive
1190 1097 1560 1148 pertractaverunt.
1604 1094 1645 1135 A
1665 1105 1846 1148 quorum

289 1152 497 1194 sententia
527 1165 624 1193 cnm
657 1152 892 1204 dissideam,
925 1152 1028 1207 quid
1059 1153 1248 1206 sentiam,
1279 1151 1461 1195 breviter
1490 1152 1763 1207 proferam.²⁸)

406 1210 508 1252 Tota
538 1223 606 1252 res
637 1214 779 1252 autem
805 1217 995 1252 versatur
1019 1213 1063 1251 in
1089 1210 1254 1252 duabus
1285 1210 1620 1265 quaestionibus:
1653 1210 1846 1252 Primum

291 1270 531 1324 quaeritur,
574 1269 769 1324 quisnam
811 1268 976 1311 fabulas
1018 1282 1043 1310 a
1078 1273 1200 1325 poeta
1231 1270 1398 1321 emerit3
1444 1269 1595 1311 deinde
1637 1270 1678 1310 in
1724 1269 1847 1310 cuius

290 1329 476 1370 dominio
506 1327 673 1370 fabulae
697 1332 812 1370 actae
835 1329 1078 1370 manserint.
1129 1328 1316 1383 Utraque
1341 1328 1392 1370 de
1417 1328 1661 1383 quaestione
1685 1328 1847 1383 primus

289 1387 374 1441 egit
410 1385 476 1428 Fr.
508 1385 761 1429 Ritschelius
797 1386 978 1441 (Parerg.
1010 1386 1032 1428 I
1074 1400 1112 1442 p.
1143 1386 1228 1428 327
1267 1387 1383 1442 sqq).
1451 1385 1535 1436 Qui
1570 1386 1847 1443 proficiscitur

289 1459 344 1487 ex
375 1445 485 1487 Eun.
516 1446 619 1500 prol.
649 1459 689 1488 v,
717 1446 772 1487 19
803 1459 882 1501 sq.:
921 1444 1083 1500 „Quam
1113 1459 1227 1488 nunc
1258 1446 1390 1488 acturi
1421 1459 1569 1488 sumus

502 1503 725 1545 Menandri
740 1503 1009 1558 Eunuchum,
1028 1507 1291 1559 postquam
1312 1504 1500 1546 aediles
1521 1505 1846 1558 emerunt“sq.

408 1562 475 1604 Ex
507 1575 592 1618 quo
622 1563 713 1605 loco
745 1563 846 1605 satis
876 1575 1072 1619 apparere
1102 1563 1257 1606 aediles
1288 1563 1354 1605 vel
1381 1563 1425 1604 in
1450 1564 1697 1605 universum
1720 1562 1845 1604 ludo—

287 1635 381 1664 rum
409 1628 635 1675 curatores,
661 1626 709 1663 ut
733 1634 808 1677 per
832 1634 877 1663 se
903 1623 1128 1663 verisimile
1153 1623 1218 1675 sit,
1242 1622 1417 1676 fabulas,
1443 1635 1548 1677 quas
1572 1621 1847 1664 histrionibus

288 1680 472 1735 agendas
503 1684 708 1734 curarent,
740 1694 764 1722 a
788 1681 921 1736 poetis
946 1681 1108 1722 emisse.
1152 1680 1266 1722 Huic
1291 1681 1477 1736 opinioni
1501 1694 1650 1736 parum
1676 1692 1845 1736 respon-

288 1740 386 1780 dere
417 1739 518 1782 Hec.
549 1739 653 1793 prol.
677 1739 722 1781 II
753 1753 791 1782 v.
817 1740 872 1781 47
906 1753 1015 1795 sqq.:

500 1796 619 1852 „Mea
649 1810 776 1839 causa
806 1810 976 1839 causam
1006 1799 1180 1853 accipite
1211 1801 1252 1839 et
1282 1798 1377 1839 date
1407 1798 1633 1847 silentium,

501 1856 561 1899 Ut
591 1856 735 1899 lubeat
763 1856 945 1900 scribere
974 1856 1068 1899 aliis
1098 1857 1288 1913 mihique
1318 1860 1367 1899 ut
1396 1856 1557 1899 discere

499 1915 670 1957 Novas
700 1916 894 1970 expediat
924 1916 1096 1971 posthac
1125 1917 1288 1971 pretio
1319 1919 1507 1971 emptas
1538 1917 1684 1957 meo“.

405 1973 488 2016 Sed
524 1974 665 2016 locum
702 1974 903 2029 explicari
935 1973 1089 2016 Donati
1126 1974 1283 2027 verbis,
1322 1975 1397 2029 qui
1427 1975 1480 2016 ad
1510 1974 1623 2016 hunc
1654 1973 1846 2027 Hecyrae

286 2033 427 2074 locum
452 2033 556 2075 haec
580 2033 766 2075 adnotet:
799 2032 1129 2087 „Aestimatione
1154 2046 1179 2075 a
1202 2046 1271 2075 me
1296 2033 1338 2087 (i.
1365 2045 1398 2075 e.
1425 2047 1461 2087 ,a
1486 2033 1655 2075 domino
1679 2033 1845 2088 gregis‘)

285 2092 411 2145 facta,
455 2095 659 2147 quantum
704 2092 858 2135 aediles
896 2093 1060 2135 darent:
1100 2097 1141 2134 et
1176 2092 1351 2147 proinde
1386 2105 1454 2134 me
1491 2092 1767 2147 periclitante,
1809 2093 1845 2134 si

286 2151 447 2193 abiecta
470 2150 613 2193 fabula
638 2166 663 2193 a
687 2164 754 2194 me
779 2153 976 2207 pretium,
1001 2152 1114 2207 quod
1132 2156 1278 2206 poetae
1297 2152 1622 2204 numeraverint,
1646 2155 1834 2206 repetant

285 2209 398 2264 Ergo
430 2211 546 2264 ,meo‘
574 2224 599 2251 a
623 2223 690 2252 me
713 2210 835 2263 facto,
866 2224 890 2252 a
914 2223 982 2252 me
1008 2211 1200 2252 statuto“.
1246 2210 1312 2251 lta
1336 2211 1464 2265 igitur
1488 2223 1576 2252 rem
1601 2223 1646 2252 se
1671 2210 1841 2252 habere:

285 2269 455 2310 Aediles
479 2268 642 2310 fabulas
669 2283 695 2311 a
713 2270 846 2323 poetis
868 2269 1028 2310 oblatas
1046 2269 1214 2310 domino
1231 2269 1398 2310 cuidam
1412 2270 1551 2324 gregis
1567 2269 1845 2311 aestimandas

286 2327 460 2369 tradere.
508 2325 592 2376 Qui
623 2328 737 2382 quod
767 2328 950 2382 pretium
982 2331 1180 2380 statuant,
1210 2327 1252 2368 id
1284 2327 1440 2370 aediles
1470 2331 1616 2383 poetae
1647 2328 1757 2381 dare,
1787 2329 1846 2369 ita

286 2389 334 2427 ut
364 2389 498 2440 poeta,
528 2390 755 2441 antequam
786 2385 929 2427 fabula
954 2391 1114 2441 agatur,
1143 2388 1324 2442 pretium
1350 2387 1403 2429 ab
1428 2386 1634 2429 aedilibus
1659 2387 1844 2429 solutum

285 2445 501 2499 acceperit.
540 2443 769 2486 Dominum
791 2449 932 2486 autem
947 2447 1098 2500 gregis,
1119 2448 1154 2487 si
1174 2445 1318 2487 fabula
1339 2445 1391 2487 ab
1407 2459 1456 2488 eo
1471 2447 1686 2487 aestimata
1698 2450 1845 2488 exacta

284 2504 349 2557 sit,
379 2502 487 2545 illud
517 2504 700 2558 pretium
730 2507 876 2558 poetae
901 2503 1086 2546 solutum
1111 2503 1317 2546 aedilibus
1342 2505 1513 2547 reddere
1543 2504 1704 2547 debere.
1752 2503 1845 2554 Qua

404 2642 445 2687 ¹⁸)
472 2641 654 2678 Nonnulla
666 2644 765 2678 recte
777 2642 1035 2679 intellexerunt
1049 2643 1226 2679 Ribbeck:
1240 2643 1308 2679 Die
1321 2644 1422 2679 Rom.
1436 2643 1741 2690 Tragbdie,1›.655
1749 2654 1842 2689 sqq.;

283 2690 522 2726 Oehmichen:
548 2689 915 2726 Biihnenaltertiimer
936 2691 1001 2726 der
1023 2690 1200 2726 Griechen
1225 2691 1297 2726 und
1322 2691 1455 2726 Romer
1478 2691 1520 2732 (Ι.
1540 2690 1688 2726 Miillers
1704 2691 1842 2727 Handb.

283 2737 327 2781 V,
353 2738 522 2781 3)§36;
550 2736 755 2772 Amdohrl.
782 2748 809 2772 s.
836 2747 863 2773 s.
890 2748 922 2782 p.
949 2737 996 2773 24
1020 2748 1071 2782 sq.
