2067 3311
837 88 1126 129 ..51-

322 210 436 253 Huic
459 221 559 251 vero
583 207 815 249 sententiae
839 207 1106 250 vehementer
1129 219 1362 264 repugnare
1387 208 1555 250 videtur
1571 209 1607 250 is
1625 208 1757 262 locus,

206 282 331 326 quem
362 270 443 310 viri
474 264 597 320 docti,
633 267 708 321 qui
738 265 791 307 ab
822 266 951 308 altera
980 269 1097 321 parte
1125 270 1247 322 stant,
1277 272 1326 309 ut
1356 280 1479 309 suam
1508 269 1757 310 sententiam

204 328 439 384 probarent,
469 324 711 367 attulerunt.
771 323 841 367 Ex
870 325 1009 367 verbis
1039 326 1151 367 enim
1182 327 1234 381 (v.
1261 326 1356 382 24):
1401 325 1493 381 „Et
1531 338 1632 368 rem
1674 339 1756 368 co-

203 385 461 442 gnoscite“
505 383 700 438 colligere
729 383 856 425 licere
887 384 987 425 dicit
1016 383 1216 426 Dziatzko
1260 386 1303 433 (1.
1342 398 1374 426 s.
1411 386 1461 439 s.)
1503 388 1756 441 spectatores

205 445 341 501 „rem“
377 443 566 486 nondum
597 443 854 498 cognovisse,
882 441 1068 485 fabulam
1097 443 1227 498 igitur
1256 447 1329 486 aut
1358 456 1455 486 cum
1487 446 1630 487 nostro
1660 456 1754 499 pro—

203 505 299 559 logo
327 503 512 559 primum
543 504 677 544 actam
708 505 782 544 aut
811 505 934 545 antea
964 506 1154 545 exactam
1182 502 1323 545 fuisse.
1385 502 1480 545 Hoc
1509 503 1686 546 alterum
1717 504 1754 546 si

203 566 456 616 statuamus,
490 560 610 603 nullo
646 561 771 604 modo
805 560 898 603 fieri
923 563 1129 617 potuisse,
1166 562 1271 617 quin
1300 565 1423 617 poeta
1452 575 1538 604 uno
1568 566 1681 604 certe
1710 563 1754 604 id

204 621 332 663 verbo
352 620 567 662 indicaret.
608 619 828 662 Praeterea
847 619 1112 663 Phormionis
1138 619 1300 676 prologi
1327 634 1366 663 v.
1391 621 1444 662 31
1473 634 1564 676 sqq.
1591 624 1755 675 poetam

203 681 332 723 unius
368 683 533 721 tantum
570 682 740 721 exactae
778 678 942 721 fabulae
978 677 1200 736 (Hecyrae)
1237 681 1494 724 mentionem
1524 679 1669 734 facere,
1707 684 1755 722 ut

204 744 393 781 nostrum
415 738 636 792 prologum
658 739 817 793 primae
840 751 932 780 esse
956 737 1126 780 fabulae
1149 739 1332 793 primum
1357 741 1474 780 actae
1497 737 1756 780 confidenter

202 797 434 839 credamus.
480 796 636 838 Parum
666 796 880 852 probabile
909 809 1001 839 esse
1030 809 1107 851 ego
1138 808 1309 852 quoque
1338 796 1528 851 arbitror,
1558 798 1594 839 si
1619 797 1755 852 prima

202 855 367 897 Terenti
408 855 550 897 fabula
588 868 686 897 cum
727 856 908 910 primum
952 859 1161 910 ageretur,
1204 858 1351 897 exacta
1389 859 1514 910 esset,
1557 857 1754 910 antiquos

203 918 328 956 testes
352 914 443 956 'hac
473 914 525 956 de
554 926 600 955 re
629 915 818 956 tacuisse.
879 913 973 955 Hoc
1001 914 1131 968 igitur
1160 913 1212 955 ab
1243 915 1356 956 omni
1388 914 1755 956 verisimilitudine

202 974 386 1015 alienum
429 977 491 1015 est
533 986 671 1029 neque
707 974 931 1029 quisquam
967 973 1053 1015 fere
1089 986 1294 1029 umquam
1331 974 1497 1029 negavit
1536 973 1754 1028 Andriam,

202 1045 297 1073 cum
328 1033 529 1087 primum¹
544 1036 748 1087 ageretur,
778 1033 1005 1078 stetissem)

321 1090 403 1141 Qui
432 1090 552 1133 locus
581 1104 678 1133 cum
708 1091 955 1145 gravissimo
985 1091 1222 1133 testimonio
1247 1103 1338 1133 esse
1362 1091 1566 1145 videatur,
1596 1094 1754 1133 attente

203 1150 381 1204 quaeris,
411 1162 595 1204 quonam
624 1150 751 1190 modo
779 1149 950 1190 alterius
974 1150 1203 1190 sententiae
1227 1153 1450 1191 sectatores
1474 1150 1589 1191 hunc
1612 1150 1754 1191 locum

203 1208 522 1264 explicaverint,
566 1208 639 1263 qui
678 1208 865 1263 ipsorum
901 1208 1089 1263 opinioni
1124 1211 1264 1263 aperte
1300 1211 1515 1263 repugnet.
1581 1207 1754 1250 Frustra

202 1280 348 1309 vereor
383 1280 437 1309 ne
474 1280 662 1323 quaeras.
727 1266 831 1309 Fere
867 1279 1011 1308 omnes
1047 1267 1161 1308 enim
1196 1267 1276 1308 viri
1313 1267 1424 1309 docti
1456 1267 1571 1309 hunc
1599 1266 1753 1321 locum,

202 1339 286 1382 quo
310 1339 457 1369 eorum
481 1327 688 1369 sententia
708 1325 828 1369 valde
846 1327 1093 1376 concutitur,
1118 1326 1289 1368 omnino
1307 1338 1393 1368 non
1412 1331 1753 1380 commemorant,

201 1387 324 1440 quasi
359 1387 432 1428 illa
469 1385 692 1428 difficultas
727 1398 795 1439 eo,
832 1386 944 1441 quod
980 1398 1065 1427 non
1102 1390 1374 1439 memoratur,
1409 1386 1533 1427 etiam
1571 1385 1752 1427 tollatur.

202 1444 441 1500 Wagnerus
472 1444 515 1500 (l.
546 1458 577 1487 s.
609 1458 641 1487 s.
672 1458 710 1500 p.
739 1444 808 1498 77)
838 1445 1000 1499 primus
1030 1445 1109 1486 hoc
1142 1457 1238 1498 ,rem
1266 1445 1513 1499 cognoscite‘
1543 1445 1753 1500 explicare

200 1509 376 1546 conatus
412 1508 492 1546 est:
531 1504 590 1546 ait
619 1503 823 1546 Andriam
853 1505 936 1545 iam
967 1503 1098 1546 fuisse
1128 1508 1263 1545 actam
1293 1508 1335 1545 et
1364 1504 1571 1558 cognitam
1578 1516 1589 1557 ;
1626 1504 1751 1545 aliam

201 1563 331 1617 igitur
359 1563 742 1618 interpretationem
773 1563 1071 1604 admittendam
1103 1574 1211 1604 esse:
1244 1575 1370 1615 ,nunc
1399 1562 1442 1603 id
1473 1561 1606 1615 facite,
1637 1562 1751 1617 quod

199 1634 335 1677 nuper
359 1622 398 1675 (i.
423 1634 457 1663 e.
483 1634 592 1675 ,cum
615 1620 783 1676 Hecyra
805 1622 989 1677 primum
1013 1622 1235 1676 ageretur‘)
1259 1633 1345 1663 non
1369 1620 1537 1674 fecistis,
1565 1622 1749 1677 primum

199 1693 288 1723 rem
330 1678 586 1736 cognoscite,
630 1681 779 1723 deinde
820 1680 1023 1723 iudicate‘.
1089 1679 1184 1722 Hoc
1220 1679 1318 1721 ferri
1355 1681 1530 1735 nequire
1568 1680 1751 1722 ostendit

199 1740 559 1782 Paeckelmannus
590 1739 633 1795 (1.
654 1753 685 1781 s.
707 1753 739 1782 s.
758 1753 802 1795 p.‘
822 1739 876 1781 16
893 1740 971 1794 sq.)
978 1752 989 1792 ;
1019 1743 1232 1795 praeterea
1262 1738 1331 1781 vel
1361 1739 1415 1781 ob
1439 1751 1532 1781 eam
1556 1752 1645 1781 rem
1670 1739 1750 1781 hoc

197 1798 459 1854 probandum
480 1811 565 1840 non
587 1802 660 1853 est,
681 1799 794 1854 quod
813 1799 923 1839 inter
942 1796 1159 1852 Hecyram
1179 1802 1220 1840 et
1235 1797 1749 1841 Heautontimorumenon

198 1857 360 1902 nullam
394 1857 578 1901 fabulam
616 1871 642 1899 a
669 1857 861 1899 Terentio
898 1857 940 1898 in
979 1869 1174 1899 scaenam
1210 1857 1414 1911 prolatam
1450 1869 1542 1899 esse
1574 1861 1749 1900 constat.

198 1916 299 1959 Post
314 1916 571 1971 Wagnerum
597 1915 937 1958 Herrmanowski
962 1916 1006 1970 (l.
1027 1929 1058 1958 s.
1080 1929 1112 1958 s.
1132 1930 1172 1971 p.
1194 1916 1248 1957 35
1271 1917 1349 1971 sq.)
1374 1919 1416 1958 et
1439 1917 1492 1957 A.
1513 1916 1748 1971 Spengel⁸⁸)

196 1975 336 2017 locum
372 1979 483 2017 recte
519 1987 612 2017 mea
647 1975 854 2017 sententia
889 1976 1148 2030 interpretati
1183 1978 1293 2017 sunt.
1354 1973 1452 2016 Duo
1483 1976 1597 2016 enim
1626 1975 1748 2017 nobis

197 2039 296 2077 sunt
321 2034 578 2090 quaerenda:
617 2048 764 2089 unum,
789 2034 892 2089 quid
916 2033 1123 2090 significet
1147 2036 1253 2083 ,res‘;
1280 2034 1470 2088 alterum,
1496 2034 1598 2089 quid
1619 2034 1750 2089 signi-

196 2092 292 2135 ficet
321 2093 602 2148 ,cognoscere‘.

314 2152 348 2193 I.
407 2151 511 2194 Rem
542 2152 654 2194 idem
684 2165 775 2194 esse
804 2155 931 2206 atque
968 2151 1175 2205 ,fabulam‘
1206 2150 1408 2192 Dziatzko
1438 2155 1581 2192 censet
1610 2164 1750 2206 neque

197 2211 305 2252 hauc
346 2212 596 2253 sententiam
638 2223 780 2252 veram
822 2222 914 2252 esse
955 2222 1076 2265 posse
1119 2209 1355 2264 negandum
1400 2209 1527 2263 est-⁸⁹)
1601 2209 1750 2265 Neque

196 2273 336 2310 tamen
381 2272 481 2310 haec
516 2270 800 2323 interpretatio
838 2282 924 2310 nna
963 2270 1152 2309 omnium
1182 2269 1415 2309 necessaria
1445 2272 1518 2309 est.
1580 2267 1748 2309 Etenim

195 2328 240 2368 in
270 2341 309 2369 v.
342 2328 369 2369 8
399 2332 520 2384 poeta
550 2328 715 2382 incipit:

230 2456 247 2491 f
316 2408 537 2492 ⁸⁷)X1Negavit
559 2408 654 2444 solus
679 2407 852 2443 Reinhold
867 2407 1035 2445 ‚Klotzius
1059 2408 1097 2442 in
1121 2408 1231 2442 Andr.
1258 2408 1340 2442 edit.
1367 2407 1488 2453 (1805)
1512 2408 1625 2453 praef.
1649 2419 1683 2452 p.
1703 2409 1747 2443 13

210 2467 229 2491 c
249 2484 257 2492 .
307 2484 317 2493 .
415 2484 422 2492 .

196 2459 208 2501 (
283 2468 358 2548 p¹⁸⁸³)
383 2460 416 2538 v).
442 2503 552 2538 Andr.
578 2503 661 2538 edit.
687 2502 856 2546 (Berolini
883 2501 989 2546 1875)
1015 2502 1094 2536 adn.
1119 2502 1163 2537 ad
1188 2513 1221 2537 v.
1249 2502 1305 2536 24.
1344 2522 1387 2527 -
1422 2501 1479 2536 Ita
1500 2502 1570 2536 iam
1587 2501 1748 2536 Draken-

196 2549 360 2586 borchius
385 2550 491 2596 (apud
515 2549 730 2585 Grauertum
752 2548 776 2584 1.
801 2548 824 2584 1.
850 2559 883 2594 p.
911 2549 980 2593 15).

316 2596 360 2643 ⁸⁹)
384 2598 431 2632 cf.
458 2596 555 2632 Asin.
580 2596 667 2641 prol.
692 2607 726 2631 v.
756 2596 816 2631 13:

479 2643 604 2687 „Inest
626 2643 724 2687 lepos
748 2642 922 2686 ludusque
946 2642 984 2677 in
1009 2643 1075 2678 hac
1100 2642 1298 2678 comoedia:

479 2690 639 2724 Ridicula
663 2701 720 2724 res
746 2692 822 2723 est:
860 2688 950 2723 Date
976 2688 1127 2734 benigne
1152 2700 1296 2733 operam
1320 2688 1439 2722 mihi“.

1493 2748 1533 2781 4.
