2067 3311
858 70 1152 109 ..43-

346 187 401 230 ΙΙ.
445 188 570 231 Nunc
611 200 756 229 eorum
800 189 1045 242 argumenta
1081 185 1320 240 audiamus,
1363 187 1436 241 qui
1472 185 1690 241 prologum
1727 185 1781 227 ad

228 247 406 302 primam
438 247 646 289 actionem
675 245 939 287 referendum
970 256 1062 287 esse
1091 245 1254 287 dicunt:

349 306 384 350 1.
399 319 436 347 v.
451 306 478 347 8
491 305 653 360 „Nunc,
673 317 801 359 quam
818 316 907 346 rem
920 304 1023 345 vitio
1038 304 1147 356 dent,
1167 316 1321 359 quaeso
1335 304 1524 346 animum
1535 303 1781 346 adtendite“.

230 365 329 405 dicit
354 363 590 415 Dziatzk00)
620 364 679 404 ita
708 363 896 418 proferri,
927 363 1048 417 quasi
1077 366 1199 417 poeta
1229 363 1281 403 ad
1307 363 1512 404 Andriam
1542 366 1652 404 certe
1676 375 1780 403 non—

231 423 331 464 dum
358 420 537 478 ,operam
559 421 716 464 abusus
736 421 803 474 sit,
828 422 902 476 qui
923 421 1074 463 veteris
1094 424 1239 476 poetae
1259 420 1490 464 maledictis
1511 420 1780 476 respondeat‘.

230 482 311 524 Sed
349 480 550 523 Dziatzko
586 482 676 535 ipse
711 480 849 522 verbis
886 493 995 536 quae
1031 480 1162 534 addit,
1205 480 1427 522 confitetur
1463 492 1629 522 omnem
1665 479 1781 521 illam

231 539 502 582 offensionem
525 540 583 582 ita
607 543 772 581 tantum
795 540 1031 594 sustentari,
1062 543 1109 582 ut
1133 551 1228 581 cum
1253 540 1412 582 Andria
1435 540 1621 595 primum
1640 550 1781 594 agere-

230 603 311 652 tur,
327 599 444 641 nulla
459 599 790 642 adversariorum
808 600 1019 642 mentione
1032 599 1140 641 facta
1151 604 1341 642 nostrum
1354 599 1575 655 prologum
1586 598 1782 654 primum,

232 671 341 713 quae
365 658 427 700 illi
447 658 634 701 Andriae
657 659 759 700 vitio
780 659 938 711 darent,
962 671 1307 701 commemorasse
1327 664 1536 714 putemus,
1558 661 1779 714 postquam

231 718 389 759 interea
401 718 579 760 aliarum
589 715 828 760 fabularum
836 718 997 773 prologi
1008 718 1197 760 eiusdem
1206 720 1441 772 argumenti
1452 718 1780 760 antecessissent.

349 778 388 818 2.
405 776 711 819 Gravissimum
733 781 873 819 autem
893 779 1189 831 argumentum
1203 777 1340 818 inesse
1356 777 1502 818 dicunt
1515 777 1560 817 in
1577 789 1614 817 V.
1630 777 1687 817 24
1702 788 1780 830 sq.:

442 835 631 889 ‚,F'avete,
660 836 800 877 adeste
831 847 965 890 aequo
996 836 1136 876 animo
1167 840 1208 877 et
1237 847 1325 877 rem
1357 835 1606 890 cognoscite,

442 893 501 937 Ut
529 894 800 949 pernoscatis,
831 893 981 948 ecquid
1012 894 1100 948 spei
1131 894 1186 935 sit
1214 894 1451 936 relicuom“.

229 951 299 994 Ex
329 952 484 1008 quibus
514 952 655 1007 colligi
686 951 835 995 debere
865 955 1116 1008 spectatores
1140 953 1277 1007 ,‚rem“
1308 953 1497 994 nondum
1522 952 1782 1008 cognovisse,

230 1011 415 1053 fabulam
445 1013 575 1066 igitur
605 1016 678 1053 aut
708 1025 804 1053 cum
835 1016 978 1053 nostro
1003 1011 1173 1067 prologo
1198 1013 1379 1067 primum
1405 1015 1539 1054 actam
1564 1015 1638 1053 aut
1661 1014 1783 1053 antea

231 1075 421 1113 exactam
457 1065 587 1113 fuisse
595 1083 607 1125 ;
645 1071 757 1126 quod
794 1070 973 1113 alterum
1007 1083 1105 1112 cum
1141 1072 1269 1112 statui
1306 1084 1390 1113 non
1419 1072 1561 1126 possit,
1591 1073 1782 1113 nostrum

230 1130 447 1185 prologum
490 1131 650 1186 primae
685 1142 777 1171 esse
812 1129 977 1172 fabulae
1012 1130 1198 1185 primum
1234 1134 1351 1171 actae
1388 1130 1643 1172 credendum
1680 1141 1781 1171 esse.

231 1188 348 1230 Haec
372 1189 536 1244 scripsit
561 1187 762 1230 Dziatzko
786 1189 831 1229 in
857 1189 1146 1230 dissertatione
1171 1202 1247 1230 sua
1272 1190 1510 1243 inaugurali
1540 1189 1595 1243 (p.
1619 1190 1642 1230 l
1675 1201 1716 1231 n.
1740 1189 1782 1241 1)

230 1251 456 1302 posteaque
485 1246 806 1299 confirmavitw)
838 1247 981 1289 dicens
1013 1250 1174 1303 poetam
1203 1261 1269 1289 vv.
1297 1247 1468 1289 24-27
1494 1262 1520 1289 a
1543 1247 1782 1303 spectatori-

233 1306 311 1347 bus
339 1310 490 1361 petere,
524 1312 572 1348 ut
601 1307 709 1348 hanc
739 1306 924 1348 fabulam
955 1310 1199 1362 spectarent,
1239 1311 1285 1348 ut
1311 1307 1460 1362 quales
1489 1306 1653 1348 fabulas
1683 1320 1709 1347 a
1738 1319 1783 1347 se

231 1366 405 1419 posteris
430 1365 686 1420 temporibus
711 1369 951 1420 exspectare
974 1369 1154 1420 possent,
1185 1366 1492 1420 intellegerent3
1522 1377 1661 1420 neque
1684 1377 1784 1407 vero

231 1436 329 1464 eum
359 1424 402 1465 id
432 1427 571 1479 petere
600 1425 797 1479 potuisse,
828 1425 864 1465 si
894 1423 1035 1466 fabula
1066 1425 1149 1465 iam
1180 1429 1272 1465 acta
1301 1424 1466 1476 fuisset3
1500 1425 1580 1467 hoc
1609 1425 1721 1465 enim
1747 1425 1784 1465 si

230 1482 384 1524 factum
411 1488 530 1536 esset,
560 1495 657 1524 eum
681 1483 734 1524 ad
758 1484 952 1537 plausum
979 1487 1020 1524 et
1043 1483 1280 1535 clamorem,
1311 1483 1465 1537 quibus
1488 1482 1673 1524 fabulam
1700 1483 1783 1524 iam

231 1542 440 1595 prosecuti
469 1545 618 1596 essent,
649 1546 934 1597 respecturum
966 1541 1160 1593 fuisse.¹1)

273 1624 279 1629 =
352 1601 389 1641 3.
420 1599 528 1641 Nam
560 1601 674 1655 quod
698 1599 826 1642 Fabia
857 1599 899 1653 (l.
924 1613 955 1641 s.
980 1602 1027 1652 s.)
1052 1600 1153 1641 dicit
1177 1604 1337 1655 poetam
1364 1614 1403 1641 V.
1431 1602 1485 1642 18
1510 1613 1600 1655 sqq.
1625 1604 1784 1655 specta·

232 1658 392 1701 toribus
417 1671 461 1701 se
486 1659 776 1702 commendare
800 1659 983 1701 voluisse
1007 1662 1056 1701 ut
1077 1658 1229 1711 Plauti,
1253 1658 1400 1712 Naevi,
1426 1658 1537 1700 Enni
1558 1659 1786 1713 aemulum,

231 1718 427 1759 facillime
464 1718 715 1760 dissolvitur.
777 1717 873 1759 Non
906 1719 1023 1772 prius
1054 1719 1165 1759 enim
1195 1717 1415 1760 Terentius
1445 1719 1499 1760 ad
1530 1718 1606 1760 hos
1635 1731 1785 1774 provo-

232 1789 327 1818 care
350 1778 496 1832 potuit,
523 1790 649 1832 quam
675 1777 902 1818 adversarii
923 1777 1079 1818 crimen
1096 1777 1461 1819 contaminationis
1477 1778 1517 1819 ei
1532 1776 1785 1819 obiecerunt.

235 1835 487 1878 Excusantis
517 1837 658 1891 igitur,
689 1848 771 1877 non
804 1848 850 1878 se
880 1836 1212 1878 commendantis
1242 1837 1344 1878 haec
1373 1836 1501 1878 verba
1531 1842 1642 1878 sunt.

349 1894 407 1936 Hi
431 1895 560 1950 igitur
584 1898 684 1937 sunt
708 1907 865 1948 omnes,
891 1895 1260 1950 quantumvideo,
1283 1896 1375 1950 loci,
1407 1895 1562 1951 quibus
1589 1896 1654 1937 usi
1680 1895 1787 1937 hanc

231 1953 346 1995 illam
390 1956 638 1997 sententiam
681 1955 762 1996 viri
802 1954 911 1996 docti
948 1954 1244 2010 probaverunt.
1320 1954 1471 1997 Nonne
1509 1955 1674 1997 miraris
1711 1956 1787 1997 hos

232 2013 344 2054 locos
380 2014 489 2054 inter
519 2025 565 2055 se
593 2013 719 2069 plane
750 2014 938 2054 diversos
969 2018 1009 2054 et
1040 2014 1246 2054 contraria
1276 2015 1377 2068 ipsa·
1396 2013 1712 2068 comprobantes
1742 2015 1786 2054 in

233 2084 318 2113 uno
349 2072 578 2126 eodemque
609 2072 779 2127 prologo
811 2072 976 2114 inesse?
1025 2071 1113 2126 Ego
1138 2084 1237 2114 vero
1263 2085 1369 2127 nego
1395 2075 1547 2127 omnia,
1579 2085 1687 2128 quae
1711 2085 1786 2129 pro

232 2131 473 2171 certissimis
503 2132 583 2171 viri
615 2131 722 2172 docti
756 2131 1096 2184 venditaverunt,
1133 2132 1365 2172 certissima
1396 2144 1498 2173 esse.
1561 2131 1787 2173 Examine-

232 2201 327 2229 mus
352 2189 481 2242 igitur
506 2190 672 2242 singula
697 2194 961 2243 argumenta3
989 2194 1114 2243 atque
1139 2190 1320 2244 primum
1346 2202 1407 2242 ea,
1432 2189 1586 2243 quibus
1607 2191 1786 2244 priorem

232 2248 479 2290 sententiam
517 2247 753 2290 confirmari
785 2248 866 2289 viri
896 2247 1006 2290 docti
1036 2252 1309 2304 putaverunt,
1347 2248 1498 2290 deinde
1529 2260 1595 2302 ea,
1633 2248 1787 2304 quibus

233 2309 371 2361 ipsum
402 2309 657 2348 contrarium
687 2307 854 2361 probari
886 2308 1062 2348 videtur.

352 2433 379 2477 ¹³)
403 2433 486 2468 diss.
511 2433 627 2478 inaug.
653 2444 687 2478 p.
715 2435 733 2468 1
759 2445 795 2468 n.
824 2435 853 2468 1.

353 2480 395 2525 ¹⁰)
418 2479 509 2515 Mus.
535 2480 650 2515 Rhen.
675 2490 756 2515 nov.
781 2480 855 2515 XX
879 2480 1001 2524 (1865)
1025 2491 1059 2525 p.
1086 2481 1154 2516 579
1168 2491 1219 2525 sq.

353 2528 394 2571 ¹¹)
419 2527 678 2563 Paeckelmann
702 2527 724 2563 1.
749 2538 777 2563 s.
802 2538 830 2563 s.
855 2538 889 2572 p.
917 2528 961 2563 15
978 2537 1053 2572 sqq.
1080 2548 1125 2553 —
1150 2527 1189 2563 Ο.
1215 2528 1436 2574 Brugmann:
1463 2527 1577 2564 annal.
1603 2528 1689 2574 phil.
1707 2541 1787 2565 nov.

234 2574 355 2612 CXIII
368 2574 487 2619 (1876)
504 2586 538 2619 p.
554 2575 635 2610 417.
662 2595 705 2601 —
732 2574 890 2619 Wagner
912 2574 950 2609 in
974 2574 1140 2610 Bursiani
1164 2574 1391 2611 relationibus
1416 2575 1530 2612 annal.
1547 2576 1604 2611 III
1627 2577 1788 2624 (1874J5)

233 2633 266 2667 p.
281 2622 362 2667 804,
379 2621 459 2658 808.
489 2642 528 2647 —
556 2621 723 2657 Dziatzko
739 2621 776 2656 in
793 2621 935 2657 Phorm.
954 2621 1022 2656 ed’
1045 2622 1166 2667 (1885)
1185 2633 1217 2667 p.
1239 2622 1292 2657 12.
1313 2642 1354 2647 --
1374 2622 1481 2657 Fabia
1495 2622 1518 2657 l.
1536 2633 1564 2658 s.
1583 2633 1611 2657 s.
1629 2634 1662 2668 p.
1677 2625 1717 2659 31
1736 2634 1787 2669 sq.

234 2690 277 2696 —-
304 2670 360 2706 Fr.
387 2668 526 2706 Schoell
549 2669 587 2705 in
614 2669 702 2706 Mus.
728 2669 842 2706 Rhen.
868 2679 948 2705 nov.
975 2669 1042 2705 vol.
1068 2669 1168 2706 LVII
1193 2670 1314 2717 (1902)
1340 2681 1373 2717 p.
1400 2670 1445 2706 49
1471 2671 1550 2706 adn.
1575 2671 1609 2707 2.
