2067 3311
835 105 1125 147 ...53-

322 225 412 268 Iam
438 238 487 267 ea
512 235 621 279 quae
645 222 783 265 adhuc
807 223 1106 276 enarravimus,
1130 221 1467 278 complectamur,
1487 225 1536 263 ut
1556 222 1757 277 quidnam

207 284 258 326 de
282 285 362 326 hoc
380 283 553 339 prologo
574 278 848 323 iudicandum
869 281 935 329 sit,
959 280 1262 335 intellegamus.
1308 281 1517 336 Apparuit
1536 282 1756 334 nimirum:

321 342 354 384 Ι.
399 348 438 395 a)
471 340 638 383 nullum
675 339 847 382 omnino
883 339 1024 382 locum
1067 343 1251 395 exstare,
1297 352 1352 382 ex
1397 352 1482 395 quo
1524 340 1758 382 necessario

208 401 424 453 efficiatur,
455 402 503 440 ut
531 399 729 454 prologus
760 399 812 440 ad
842 400 1019 453 primam
1046 399 1216 441 -fabulae
1246 401 1454 441 actionem
1484 399 1699 454 pertineat.

323 458 367 513 b)
398 472 464 500 vv.
496 458 639 499 8--21
680 456 866 512 intellegi
903 470 987 500 non
1025 470 1164 513 posse,
1206 459 1288 500 nisi
1327 459 1363 500 si
1393 457 1535 500 fabula
1565 460 1688 500 antea
1718 461 1759 499 et

205 519 363 572 iniquis
404 516 568 557 Terenti
612 519 654 557 et
695 517 770 557 toti
810 517 964 571 populo
1007 520 1105 559 nota
1146 517 1283 559 fuerit.
1356 516 1486 571 Sequi
1527 518 1668 571 igitur,
1709 521 1759 558 ut

204 575 403 631 prologus
433 574 487 616 ad
515 575 787 629 posteriorem
817 575 1023 623 actionem
1053 578 1218 630 spectet.

322 632 378 675 II.
429 632 546 675 Haec
574 634 778 689 posterior
806 634 914 675 actio
946 646 1030 688 quo
1060 646 1171 675 anno
1200 634 1339 688 fuerit,
1371 646 1424 675 ex
1456 635 1546 689 ipso
1571 633 1758 675 Andriae

204 692 375 747 prologo
405 704 604 747 apparere
633 692 736 733 mihi
766 692 956 734 videtur:

325 750 362 793 1.
396 750 621 805 Prologum
664 751 848 792 Andriae
889 751 1069 806 primum
1115 752 1286 792 omnino
1328 731 1494 792 Terenti
1537 751 1758 806 prologum

205 822 296 851 esse
326 807 571 863 collegimus
602 813 643 851 et
673 822 728 850 ex
756 810 918 864 prologi
948 823 1015 854 vv.
1044 810 1124 850 1—
1132 810 1155 850 7
1188 813 1230 851 et
1259 822 1315 851 ex
1344 810 1506 865 prologi
1537 823 1603 851 vy.
1635 811 1691 851 22
1717 813 1759 852 et

207 868 262 909 23
294 872 335 909 et
365 880 420 909 ex
450 867 646 909 omnibus
675 867 839 909 Terenti
870 868 1053 923 prologis
1083 869 1193 910 inter
1222 881 1267 910 se
1297 868 1469 910 collatis.

323 927 362 969 2.
394 925 596 982 Sequitur
632 928 781 981 igitur,
822 930 871 969 ut
911 925 1101 969 Andriae
1137 927 1336 983 prologus
1356 959 1359 961 -
1378 931 1475 969 ante
1503 925 1758 969 Heautonti-

204 986 441 1027 morumeni
471 986 689 1040 prologum
721 989 779 1039 et,
816 999 912 1027 cum
950 988 1060 1028 inter
1094 985 1306 1040 Hecyram
1338 985 1390 1040 (Ι)
1426 990 1468 1028 et
1507 986 1756 1028 Heautonti-

203 1056 480 1086 morumenon
517 1044 635 1086 nulla
665 1043 830 1086 Terenti
861 1043 1003 1086 fabula
1039 1048 1131 1086 acta
1167 1046 1239 1098 sit,
1276 1046 1400 1086 etiam
1438 1048 1534 1086 ante
1565 1044 1757 1099 Hecyrae

203 1103 380 1158 primam
412 1103 616 1145 actionem
649 1104 903 1158 compositus
934 1104 998 1145 sit.

323 1162 360 1203 3.
390 1160 484 1203 Hoc
513 1174 609 1204 cum
642 1166 847 1217 appareat,
877 1163 1084 1217 sequitur,
1114 1166 1163 1204 ut
1191 1162 1396 1218 posterior
1427 1162 1613 1204 Andriae
1644 1163 1753 1204 actio

203 1223 299 1262 ante
340 1219 550 1274 Hecyram
593 1221 642 1274 (I)
685 1222 724 1262 h.
756 1233 789 1263 e.
820 1225 917 1262 ante
951 1220 1136 1277 Aprilem
1174 1222 1275 1263 anni
1309 1221 1391 1262 165
1424 1235 1459 1262 a.
1491 1219 1585 1263 Chr.
1616 1221 1753 1263 fuerit.

202 1278 286 1322 Sed
317 1293 414 1321 cum
445 1284 541 1321 ante
570 1280 761 1335 Aprilem
790 1279 948 1322 Romae
978 1280 1073 1322 ludi·
1099 1293 1185 1322 non
1214 1280 1384 1335 fuerint,
1427 1279 1609 1322 efficitur
1638 1280 1753 1322 illam

203 1338 347 1379 eodem
393 1351 503 1380 anno
546 1339 646 1391 (166
685 1353 720 1381 a.
759 1338 870 1394 Chr.)
919 1343 1044 1394 atque
1094 1340 1272 1394 primam
1322 1339 1507 1381 Andriae
1549 1340 1755 1380 actionem

202 1397 351 1438 fuisse:
376 1409 525 1452 nempe
544 1399 698 1439 iterum
718 1401 853 1439 actam
878 1410 969 1439 esse
993 1398 1198 1439 Andriam
1214 1397 1429 1452 probabile
1453 1401 1516 1439 est
1540 1410 1651 1439 anno
1671 1398 1753 1439 166

201 1456 313 1497 ludis
343 1454 555 1497 Romanis.

318 1513 400 1556 His
442 1516 641 1571 expositis
684 1515 786 1570 quid
826 1514 1019 1557 Terentio
1068 1528 1179 1557 anno
1226 1515 1309 1557 166
1353 1515 1553 1557 accidisse
1595 1519 1754 1570 putem,

203 1574 384 1615 breviter
413 1586 645 1629 exponam:
677 1574 895 1616 Terentius
917 1574 1052 1629 Aprili
1082 1575 1183 1616 anni
1216 1574 1299 1615 166
1328 1575 1543 1628 Andriam,
1573 1575 1751 1629 primam

200 1632 386 1674 fabulam
416 1646 553 1687 suam,
593 1634 637 1674 in
668 1645 861 1675 scaenam
890 1634 1063 1688 protulit
1093 1632 1229 1687 nullo,
1266 1637 1315 1675 ut
1351 1633 1432 1675 sibi
1468 1636 1752 1688 proposuerat,

201 1692 370 1746 prologo
401 1692 553 1733 addito.
614 1692 776 1733 Andria
806 1693 928 1734 stetit.
991 1691 1054 1734 Ob
1080 1693 1213 1747 ipsam
1238 1692 1345 1733 hanc
1369 1704 1457 1733 rem
1481 1696 1604 1747 poeta
1628 1697 1751 1733 vetus

201 1751 381 1805 eiusque
406 1748 598 1803 asseclae,
638 1754 685 1792 ut
713 1754 877 1805 poetam
908 1763 1084 1804 novum,
1120 1751 1243 1792 cuius
1273 1751 1412 1792 statim
1443 1751 1579 1806 prima
1608 1750 1752 1792 fabula

201 1810 428 1865 placuerat,
471 1823 496 1850 a
540 1809 758 1851 scribendo
801 1810 1072 1863 deterrerent,
1114 1811 1294 1865 impetus
1337 1811 1381 1851 in
1428 1822 1524 1852 eum
1562 1810 1752 1852 fecerunt

201 1870 376 1924 eiusque
405 1868 591 1911 fabulam
620 1869 975 1924 vituperaverunt,
1007 1869 1120 1924 quod
1150 1881 1174 1911 e
1204 1868 1369 1911 duabus
1398 1868 1555 1911 fabulis
1581 1868 1752 1911 Graecis

200 1929 491 1969 contaminatis
521 1927 701 1969 conflata
730 1931 849 1969 esset.
909 1927 1070 1970 Verum
1101 1929 1205 1970 istae
1241 1929 1576 1982 criminationes,
1598 1930 1753 1984 quippe

201 1999 310 2043 quae
340 2000 365 2028 a
400 1990 521 2042 poeta
558 1990 697 2029 vetere
728 2000 751 2028 a
780 1987 936 2043 populo
978 1987 1225 2029 iamdudum
1261 1988 1429 2042 cognito
1466 1987 1600 2029 factae
1638 2000 1754 2043 spar-

198 2059 357 2102 saeque
388 2050 538 2100 essent,
567 2050 711 2102 poetae
740 2059 851 2089 novo
881 2047 1114 2102 periculum
1139 2045 1367 2089 offerebant
1387 2046 1500 2088 haud
1529 2046 1751 2104 mediocre.

201 2104 316 2155 Quas
339 2109 389 2147 ut
412 2107 593 2159 reiceret,
622 2105 839 2147 Terentius
864 2107 1080 2148 occasione
1104 2106 1199 2147 data
1233 2118 1279 2147 se
1303 2105 1524 2147 defendere
1547 2105 1752 2161 cupiebat.

200 2163 332 2206 Simul
366 2165 457 2206 eius
486 2165 684 2206 intererat
712 2165 836 2217 scire,
873 2165 974 2219 quid
1013 2165 1064 2206 de
1094 2165 1447 2206 contaminatione
1475 2164 1657 2219 populus
1688 2166 1754 2206 iu-

201 2223 414 2266 dicaturus
443 2227 560 2266 esset.
623 2221 715 2273 Qua
747 2223 797 2265 de
828 2236 954 2265 eausa
983 2223 1164 2278 perfecit,
1196 2226 1243 2264 ut
1273 2222 1419 2264 eodem
1449 2235 1561 2264 anno
1589 2223 1753 2265 Andria

199 2283 351 2324 iterum
383 2286 584 2337 ageretur,
614 2287 655 2323 et
685 2286 775 2323 tum
805 2283 1019 2337 praemisit
1041 2281 1208 2323 fabulae
1238 2294 1349 2335 eum,
1380 2294 1506 2336 quem
1538 2281 1752 2336 habemus,

198 2342 430 2398 prologum,
461 2352 544 2397 quo
575 2346 616 2383 et
646 2341 797 2383 blanda
827 2345 867 2383 et
897 2342 1076 2396 eleganti
1100 2341 1339 2383 adulatione
1369 2353 1474 2383 usus
1505 2341 1624 2393 dixit,
1654 2353 1751 2383 cum

199 2402 382 2455 primum
414 2402 465 2442 de
494 2400 647 2442 fabulis
672 2400 901 2441 scribendis
921 2401 1197 2455 cogitavisset,
1227 2401 1271 2442 id
1293 2400 1429 2442 solum
1455 2400 1539 2442 sibi
1562 2404 1751 2455 spectan-

201 2460 301 2502 dum
333 2473 423 2502 esse
453 2472 544 2502 sese
574 2459 808 2514 credidisse,
840 2463 886 2501 ut
915 2458 1082 2501 fabulae
1111 2458 1269 2515 populo
1294 2460 1517 2514 placerent,
1548 2459 1623 2501 sed
1654 2472 1752 2501 cum

199 2520 335 2575 iniqui
366 2533 412 2561 se
449 2520 633 2574 aggressi
669 2524 808 2560 essent
844 2521 1010 2573 propter
1047 2517 1211 2561 fabulas
1247 2519 1569 2571 contaminatas,
1612 2531 1658 2561 se
1689 2519 1752 2560 in-

200 2579 395 2633 tellegere
425 2577 643 2633 prologum
674 2577 754 2619 sibi
783 2577 1052 2619 scribendum
1085 2589 1187 2631 esse,
1231 2591 1314 2633 quo
1355 2590 1401 2619 se
1431 2577 1671 2619 defenderet
1700 2579 1754 2619 ad

201 2636 422 2690 Naevium,
469 2636 680 2693 Plautum,
724 2635 911 2678 Ennium
954 2649 1197 2692 provocans.
1273 2635 1464 2692 Denique
1514 2635 1669 2678 blande
1713 2641 1755 2679 et

201 2696 319 2737 docte
349 2700 468 2752 rogat
498 2699 758 2751 spectatores,
791 2699 838 2737 ut
865 2696 1044 2749 faveant,
1074 2696 1213 2737 adsint
1244 2708 1382 2750 aequo
1403 2696 1545 2737 animo
1570 2699 1612 2737 et
1634 2696 1753 2737 illam
