2067 3311
872 151 1162 193 -72—

360 268 397 309 3.
429 265 593 310 Deinde
624 268 863 310 testimonio
894 271 957 310 est
987 270 1100 310 totus
1131 266 1323 322 Hecyrae
1351 268 1551 323 prologus
1580 267 1794 323 posterior,

237 327 280 367 in
326 339 411 381 quo
448 326 675 368 Ambivius
716 327 767 368 de
803 326 949 369 multis
985 326 1111 369 rebus
1147 326 1200 368 ad
1238 339 1282 368 se
1319 326 1620 382 spectantibus,
1663 325 1793 379 veluti

237 398 345 440 quae
382 386 487 427 ratio
524 386 634 427 inter
670 398 714 427 se
751 387 891 440 ipsum
929 390 970 428 et
1006 389 1255 441 spectatores
1292 392 1333 427 et
1365 386 1476 427 inter
1505 398 1550 428 se
1580 390 1622 428 et
1650 388 1792 441 poetas

236 444 476 499 intercedat,
501 447 677 486 enarrat.
728 443 850 486 Unde
873 446 1057 500 primum
1082 445 1125 485 id
1151 444 1351 486 discimus
1371 443 1619 486 Ambivium
1639 451 1793 499 magna

236 504 482 544 auctoritate
518 506 645 558 atque
682 503 883 557 dignitate
914 504 1025 558 apud
1056 506 1307 559 spectatores
1335 502 1476 545 fuisse.
1537 501 1649 545 Dicit
1679 503 1792 545 enim

235 562 324 615 ipse
349 561 401 602 de
432 561 701 616 ,auctoritate‘
726 574 805 603 sua
829 563 885 613 (v.
910 562 982 613 40)
1009 565 1211 617 rogatque
1234 561 1437 617 populum
1463 557 1518 613 (v.
1541 562 1632 615 47):
1663 560 1793 615 „Mea

234 633 386 662 causa
428 633 599 662 causam
641 621 905 675 accipite“.²⁸)
973 620 1022 662 Id
1067 633 1254 676 quoque,
1297 619 1410 676 quod
1444 618 1664 663 Terentius
1698 622 1793 675 post

235 683 460 733 utramque
490 679 781 732 calamitatem,
813 692 942 733 quam
966 681 1136 733 accepit,
1165 680 1361 733 prologos
1386 679 1583 720 Ambivio
1607 691 1791 733 pronun-

234 737 400 779 tiandos
430 737 613 791 tradidit,
643 741 892 792 argumento
923 741 986 780 est
1015 740 1181 792 poetam
1209 737 1381 780 scivisse
1406 736 1655 780 Ambivium
1680 735 1790 793 apud

233 796 436 849 populum
461 796 643 837 multum
665 796 816 837 valere.
865 795 928 837 Ob
954 808 1045 837 eam
1071 797 1200 850 igitur
1219 794 1394 837 'causam
1413 795 1631 837 Terentius
1655 808 1790 848 „com-

232 855 347 896 misit
383 867 510 896 suum
547 854 735 897 studium
771 855 815 896 in
848 854 1020 896 Ambivi
1049 854 1263 897 tutellam“
1307 854 1362 909 (v,
1387 853 1483 909 44),
1520 854 1634 896 unde
1664 853 1791 896 simul

233 917 404 967 apparet
433 917 600 967 poetam
630 926 728 954 cum
760 914 929 955 domino
959 915 1099 968 gregis
1129 920 1203 955 aut
1233 914 1481 955 commercio
1512 920 1585 955 aut
1608 913 1791 954 amicitia

233 971 505 1013 coniunctum
536 971 675 1013 fuisse.
736 971 854 1013 Idem
886 971 1086 1027 probatur
1115 972 1243 1013 huius
1272 971 1434 1027 prologi
1465 984 1502 1012 v,
1531 972 1584 1012 10
1616 984 1696 1026 sq.:

446 1029 648 1083 „Easdem
682 1043 805 1085 agere
835 1032 969 1086 coepi,
1014 1034 1067 1073 ut
1096 1030 1154 1073 ab
1186 1031 1356 1074 eodem
1387 1031 1515 1073 alias
1546 1031 1789 1073 discerem

446 1088 631 1143 Novas,
662 1090 858 1144 studiose,
889 1102 943 1131 ne
973 1090 1095 1131 illum
1125 1089 1177 1131 ab
1208 1090 1347 1131 studio
1378 1089 1661 1131 abducerem“.

352 1146 467 1197 Quos
510 1160 657 1190 versus
693 1149 752 1190 ita
789 1152 952 1190 tantum
990 1152 1101 1191 recte
1131 1148 1331 1203 explicari
1362 1148 1523 1202 iudico,
1559 1149 1595 1190 si
1624 1151 1787 1203 poetam

232 1207 284 1247 ad
328 1207 548 1247 dominum
589 1207 748 1261 greg1s,
792 1220 875 1247 non
920 1207 972 1247 ad
1015 1207 1170 1248 aediles
1212 1206 1375 1247 fabulas
1417 1219 1548 1247 novas
1591 1206 1790 1255 detulisse

232 1278 463 1307 censemus.
531 1264 700 1307 Etenim
736 1265 891 1307 aediles
927 1266 963 1307 si
1000 1265 1163 1308 fabulas
1199 1278 1331 1307 novas
1369 1278 1394 1307 a
1429 1265 1562 1320 poetis
1592 1265 1791 1307 emissent

232 1328 273 1365 et
298 1324 468 1365 domino
493 1325 632 1379 gregis
657 1324 794 1366 solum
820 1324 1002 1378 agendas
1027 1324 1307 1378 tradidissent,
1330 1324 1458 1366 huius
1475 1324 1646 1366 minime
1661 1325 1788 1365 inter—

231 1383 391 1436 fuisset,
422 1396 447 1424 a
478 1396 562 1437 quo
593 1388 714 1438 poeta
739 1383 907 1425 fabulae
931 1384 1108 1438 scriptae
1133 1386 1282 1425 essent.
1328 1383 1401 1425 Sin
1429 1387 1568 1425 autem
1594 1383 1789 1425 dominus

230 1442 372 1497 gregis
397 1441 449 1483 ab
475 1443 577 1497 ipsis
600 1442 735 1498 poetis
759 1455 891 1484 novas
916 1442 1091 1495 emebat,
1115 1443 1206 1484 eius
1229 1443 1427 1484 intererat
1451 1455 1548 1484 cum
1573 1442 1633 1484 eis
1657 1442 1790 1497 poetis

233 1512 356 1554 agere
382 1502 637 1555 negotioque
661 1501 873 1555 coniungi,
899 1502 972 1555 qui
996 1501 1159 1542 fabulas
1184 1500 1314 1542 bonas
1330 1500 1576 1542 scribebant.
1618 1500 1789 1542 Intelle-

230 1562 353 1600 xerat
377 1562 519 1600 autem
545 1558 771 1601 Ambivius
797 1558 949 1600 Caecili
972 1559 1148 1614 fabulas,
1175 1560 1264 1613 etsi,
1289 1572 1386 1601 cum
1411 1560 1593 1614 primum
1617 1570 1788 1614 ageren—

231 1622 321 1670 tur,
359 1619 501 1660 nescio
539 1631 666 1673 quam
704 1617 757 1660 ob
794 1631 885 1659 rem
916 1618 1225 1673 displicuerant,
1256 1622 1392 1660 tamen
1425 1617 1656 1673 praeclaras
1686 1630 1787 1660 esse.

232 1676 327 1726 Qua
365 1677 417 1718 de
453 1690 581 1719 causa
611 1677 879 1719 vehementer
915 1676 1109 1733 cupiebat
1144 1677 1265 1719 illum
1299 1677 1461 1719 fabulas
1491 1677 1672 1719 scribere
1702 1690 1786 1718 non

230 1735 432 1777 desinere.
472 1735 639 1777 Etenim
665 1737 700 1777 si
718 1735 924 1778 Caecilius
946 1736 1168 1778 deterritus
1190 1740 1309 1789 esset,
1332 1748 1385 1778 ne
1400 1735 1562 1778 fabulas
1578 1735 1786 1789 scriberet,

229 1793 456 1836 Ambivius
495 1806 665 1849 quoque
703 1794 905 1836 damnum
941 1795 1186 1850 accepisset,
1225 1795 1337 1849 quod
1369 1807 1500 1836 novas
1531 1793 1786 1836 Caecilianus

228 1865 350 1907 agere
381 1866 466 1895 non
497 1854 580 1894 iam
612 1857 761 1908 posset.
824 1851 946 1902 Quod
976 1866 1030 1895 ne
1059 1853 1196 1908 fieret,
1233 1853 1462 1895 Ambivius
1492 1853 1615 1904 ultro,
1646 1866 1729 1895 non
1762 1867 1786 1894 a

229 1911 408 1954 Caecilio
446 1912 649 1954 invitatus
686 1915 759 1954 aut
795 1916 983 1966 rogatus,
1020 1913 1145 1954 enixe
1182 1924 1349 1967 operam
1382 1912 1507 1966 dedit,
1542 1916 1591 1954 ut
1619 1911 1786 1954 fabulae

228 1970 489 2014 Caecilianae
519 1974 691 2014 exactae
720 1972 874 2014 iterum
905 1975 1141 2027 agerentur,
1171 1975 1468 2027 spectarentur,
1497 1971 1786 2027 probarentur,

227 2030 268 2071 id
292 2030 405 2085 quod
426 2044 504 2072 sua
524 2031 661 2072 solum
681 2031 814 2085 ipsius
836 2043 961 2086 opera
975 2031 1133 2072 factum
1150 2043 1241 2072 esse
1255 2031 1487 2086 perspicuis
1502 2030 1641 2072 verbis
1658 2031 1781 2071 dixit:

286 2092 339 2142 (v.
365 2090 410 2143 4)
441 2089 609 2144 „Novas
640 2091 715 2145 qui
745 2093 914 2132 exactas
943 2089 1042 2132 feci
1073 2094 1121 2131 ut
1150 2091 1514 2144 inveterascerent,

286 2149 337 2202 (v.
367 2149 408 2202 9)
440 2182 447 2190 .
481 2181 490 2190 .
523 2181 532 2190 .
563 2152 722 2190 certum
755 2149 879 2190 mihi
909 2148 1129 2191 laborem
1162 2149 1371 2202 sustuli,

256 2208 307 2260 (v.
336 2208 406 2257 10)
438 2206 645 2249 Easdem
678 2220 826 2261 agere
856 2209 1015 2263 coepi,
1046 2240 1055 2249 .
1088 2240 1097 2249 .
1130 2240 1138 2248 .

256 2268 308 2319 (v.
339 2266 408 2320 12)
440 2265 639 2309 Perfeci
671 2269 719 2309 ut
749 2269 1037 2322 spectarentur
1067 2298 1077 2309 .
1108 2296 1117 2305 .
1150 2300 1159 2308 .

256 2326 310 2378 (v,
339 2326 407 2378 13)
653 2325 730 2367 Ita
759 2330 954 2380 poetam
984 2326 1188 2366 restitui
1218 2325 1268 2365 in
1299 2326 1506 2367 locum“.

344 2384 426 2426 Sed
468 2387 659 2439 potestne
701 2385 875 2438 cogitari
919 2383 1166 2426 Ambivium
1210 2383 1262 2425 ob
1306 2397 1398 2426 eam
1434 2385 1564 2426 solam
1602 2397 1784 2439 causam,

225 2446 272 2483 ut
308 2456 332 2484 a
371 2442 551 2484 Caecilio
589 2444 692 2484 alias
729 2455 861 2484 novas
891 2444 1095 2497 acciperet
1126 2455 1231 2485 neve
1261 2448 1426 2497 poetam
1457 2443 1509 2484 ab
1540 2444 1680 2485 studio
1710 2444 1782 2485 ab·

343 2558 386 2604 ²⁸)
413 2560 459 2595 cf.
485 2559 616 2595 Heaut.
642 2559 729 2604 prol.
755 2570 788 2594 V.
815 2560 860 2594 35
886 2570 974 2604 sqq„
999 2560 1172 2605 imprimis
1198 2571 1230 2595 v.
1256 2560 1320 2594 41:

399 2606 520 2651 „Mea
544 2616 677 2642 causa
700 2617 842 2641 causam
866 2607 958 2643 hanc
982 2607 1112 2642 iustam
1138 2617 1216 2642 esse
1242 2607 1397 2642 animum
1423 2607 1615 2643 inducite.“

223 2656 261 2689 et
286 2665 318 2688 v.
346 2653 393 2689 48
409 2664 506 2699 sqq.:
534 2653 594 2697 „Si
619 2664 812 2697 numquam
837 2664 942 2689 avare
967 2654 1121 2699 pretium
1146 2654 1252 2689 statui
1277 2654 1344 2689 arti
1369 2665 1469 2689 meae

534 2700 579 2735 Et
603 2711 687 2736 eum
714 2711 792 2736 esse
819 2702 1006 2745 quaestum
1031 2701 1068 2736 in
1093 2700 1250 2737 animum
1274 2701 1398 2736 induxi
1422 2712 1640 2747 maxumum,

531 2747 645 2792 Quam
669 2758 836 2784 maxume
861 2748 997 2784 servire
1022 2748 1151 2784 vostris
1176 2748 1391 2784 commodis“
1415 2759 1467 2794 sq.
