2067 3311
245 742 317 806 A.
374 741 472 805 Ex
517 742 791 823 prologis
837 742 1232 807 Terentianis
1277 743 1420 825 quid
1468 743 1542 806 de
1585 743 1798 806 ordine

409 848 768 911 fabularum
813 848 1245 929 chronologico
1291 850 1622 912 discamus,

366 1012 525 1054 Multae
555 1016 656 1054 sunt
685 1013 952 1054 difficultates
981 1015 1026 1053 in
1057 1014 1239 1068 prologis
1270 1018 1311 1054 et
1340 1013 1549 1054 Plautinis
1579 1017 1621 1054 et
1646 1013 1799 1054 Teren-

248 1072 375 1115 tianis
404 1071 649 1126 tractandis;
682 1071 755 1115 sed
784 1071 891 1116 aliae
921 1071 1216 1128 inPlautinis,
1246 1072 1353 1115 aliae
1381 1072 1426 1115 in
1456 1070 1726 1127 Terentianis,
1755 1071 1799 1115 id

248 1132 359 1185 quod
389 1132 566 1173 diversis
590 1135 867 1185 utrorumque
892 1132 1157 1186 prologorum
1181 1132 1406 1186 generibus
1430 1133 1531 1173 satis
1554 1132 1798 1185 explicatur.

246 1189 425 1232 Plautus
455 1190 567 1232 enim
598 1190 642 1232 in
670 1188 854 1246 prologis
883 1201 1036 1232 nomen
1069 1193 1110 1233 et
1133 1193 1279 1246 poetae
1303 1193 1344 1232 et
1366 1188 1533 1233 fabulae
1556 1189 1800 1246 pronuntiat

244 1253 318 1289 aut
356 1252 650 1303 argumentum
688 1248 855 1290 fabulae
892 1253 1058 1289 enarrat
1094 1253 1167 1290 aut
1201 1250 1253 1290 de
1282 1249 1408 1290 rebus
1438 1250 1641 1290 scaenicis
1670 1248 1799 1289 verba

244 1307 344 1350 facit
386 1307 665 1363 precibusque
703 1306 917 1350 silentium
955 1320 980 1349 a
1016 1306 1319 1363 spectatoribus
1349 1307 1517 1363 expetit.
1578 1306 1799 1349 Praeterea

246 1367 314 1408 hic
342 1366 430 1408 illic
460 1379 598 1421 nugae
628 1367 928 1420 immiscentur,
960 1366 1114 1421 quibus
1138 1370 1389 1421 spectatores
1413 1367 1671 1409 delectentur
1694 1366 1798 1408 hila-

191 1456 195 1459 ·
243 1426 447 1481 ritateque
476 1424 801 1481 perfundantur.v

362 1484 541 1526 Prorsus
564 1485 686 1526 aliter
709 1497 755 1525 se
779 1483 933 1525 habent
951 1484 1116 1526 Terenti
1141 1485 1320 1539 prologi:
1345 1497 1484 1539 neque
1507 1485 1621 1526 enim
1644 1483 1797 1526 Teren-

244 1543 329 1585 tius
360 1546 432 1585 aut
456 1546 748 1598 argumentum
774 1541 941 1585 fabulae
964 1546 1129 1585 enarrat
1140 1542 1171 1598 ι)
1197 1546 1270 1585 aut
1293 1555 1417 1585 suum
1444 1554 1595 1584 nomen
1621 1542 1795 1598 profert3

244 1607 387 1644 contra
418 1602 578 1656 ubique
608 1602 660 1644 de
690 1614 735 1643 se
764 1602 854 1656 ipse
884 1603 1058 1656 suisque
1081 1602 1206 1643 rebus
1230 1602 1438 1657 loquitur3
1470 1614 1655 1657 namque
1678 1604 1721 1643 et
1744 1601 1797 1643 ab

245 1661 490 1715 iniquorum
521 1659 882 1702 criminationibus
913 1672 958 1701 se
983 1659 1167 1701 defendit
1191 1664 1233 1701 et
1256 1661 1516 1701 adversarios
1540 1660 1630 1714 ipse
1653 1671 1799 1714 aggre-

244 1719 377 1771 ditur;
409 1719 591 1774 denique
619 1720 719 1760 item
751 1722 877 1773 atque
909 1718 1084 1761 Plautus
1114 1718 1328 1761 silentium
1359 1731 1415 1761 ex
1443 1719 1598 1774 populo
1628 1719 1797 1773 expetit.

365 1776 441 1824 Vel
467 1778 563 1819 inde
588 1780 757 1832 apparet
781 1776 1047 1819 difficultates
1072 1777 1339 1832 prologorum
1366 1777 1658 1819 Plautinorum
1682 1789 1798 1832 pror-

244 1850 317 1879 sus
347 1835 450 1879 alias
480 1849 571 1879 esse
601 1840 727 1892 atque
755 1835 1112 1878 Terentianorum.
1158 1835 1327 1890 Prologi
1358 1837 1470 1878 enim
1496 1835 1682 1878 Plautini
1714 1848 1799 1891 quo

245 1900 345 1938 sunt
369 1899 628 1950 argumento,
658 1898 702 1937 in
726 1895 881 1937 fabulis
905 1896 1106 1938 iterandis
1130 1900 1203 1937 aut
1227 1897 1303 1937 toti
1327 1900 1401 1937 aut
1425 1909 1578 1951 magna
1602 1907 1657 1937 ex
1681 1899 1799 1950 parte

247 1953 435 1996 adhiberi
465 1957 703 2010 potuerunt,
733 1954 777 1995 id
809 1954 922 2009 quod
945 1966 991 1996 re
1016 1967 1116 1996 vera
1140 1954 1297 1996 factum
1322 1966 1412 1996 esse
1436 1955 1581 1996 multis
1604 1966 1661 1995 ex
1685 1954 1799 2005 locis,

246 2014 320 2068 qui
344 2014 386 2054 in
413 2013 596 2068 prologis
622 2012 767 2068 quales
790 2026 907 2055 nunc
930 2013 1145 2066 habemus,
1168 2013 1378 2066 leguntur,
1402 2013 1668 2054 manifestum
1690 2014 1798 2064 est.²)

245 2070 526 2121 Quamobrem
548 2076 622 2113 aut
647 2073 786 2113 sintne
807 2072 980 2114 omnino
996 2072 1156 2127 prologi
1173 2072 1359 2114 Plautini
1375 2073 1562 2125 genuini,
1583 2071 1800 2126 quaeritur

245 2134 319 2172 aut
349 2130 453 2186 quid
484 2131 529 2172 in
559 2131 738 2185 singulis
761 2131 943 2186 prologis
968 2144 993 2172 a
1022 2130 1168 2172 Plauto
1192 2132 1283 2186 ipso
1308 2131 1509 2186 scriptum
1534 2130 1589 2172 sit
1613 2130 1800 2185 quidque

244 2189 484 2240 histriones,
525 2192 574 2231 ut
608 2190 804 2244 prologos
841 2202 949 2231 nova
987 2190 1107 2245 quasi
1143 2189 1276 2231 forma
1313 2192 1529 2242 ornarent,
1564 2190 1610 2230 in
1647 2188 1801 2230 fabulis

243 2249 396 2290 iterum
427 2247 601 2290 adendis
632 2248 683 2290 de
713 2261 792 2290 suo
823 2248 1069 2290 addiderint.
1123 2247 1278 2290 Contra
1306 2247 1577 2290 Terentianos
1606 2247 1800 2302 prologos

245 2318 389 2347 omnes
420 2306 473 2347 ad
502 2319 638 2348 unum
667 2308 874 2361 genuinos
905 2320 995 2349 esse
1020 2308 1087 2349 vel
1110 2308 1209 2349 inde
1233 2311 1414 2363 apparet,
1445 2306 1559 2362 quod
1581 2305 1801 2348 Terentius

244 2364 296 2407 de
326 2376 371 2406 se
402 2366 576 2420 suisque
605 2366 695 2420 ipse
726 2365 866 2413 rebus,
902 2366 954 2408 de
983 2378 1158 2408 suorum
1187 2366 1520 2408 adversariorum
1552 2364 1799 2407 criminibus

244 2428 285 2466 et
315 2424 428 2466 vitiis
458 2428 532 2466 aut
561 2437 635 2479 per
664 2424 883 2480 prologum
915 2430 988 2467 aut
1011 2426 1136 2468 etiam
1162 2438 1235 2481 per
1259 2425 1477 2467 dominum
1501 2424 1643 2480 gregis
1669 2423 1798 2466 verba

362 2540 389 2594 ι)
425 2539 647 2599 Andronicus
676 2540 714 2594 in
734 2539 933 2601 “Duebneril
951 2540 1072 2576 scholl.
1104 2541 1142 2576 in
1174 2541 1350 2607 Aristqpli.
1386 2551 1419 2586 p.
1450 2539 1577 2575 XXII:
1614 2540 1801 2581 „mahog

244 2584 1424 2679 memqvffiggbo,misit“grtelrngssuili’gmfzc'dgengibn'ace“plautinae
1450 2627 1590 2679 prologo
1615 2635 1654 2669 et
1676 2634 1721 2669 de
1747 2633 1800 2669 eis

243 2682 465 2730 prologorum
487 2681 584 2727 locis,
609 2680 738 2736 quibus
758 2681 803 2717 de
819 2681 961 2717 sedibus
977 2682 1215 2727 spectatorum
1231 2680 1342 2717 verba
1356 2681 1465 2736 fiunt.-
1480 2680 1540 2727 (οἱ.
1558 2680 1616 2716 Fr,
1634 2680 1800 2718 Ritsche·

243 2730 330 2765 lium
360 2730 400 2765 in
422 2730 602 2774 Parergon
626 2728 867 2764 Plautmorum
891 2728 1252 2773 Terentianorumquo
1277 2728 1345 2763 vol.
1369 2729 1387 2762 1
1412 2728 1521 2773 (Lips.
1541 2728 1647 2773 1845)
1672 2740 1705 2773 p.
1731 2728 1802 2764 180

242 2779 319 2822 sqq.
346 2778 383 2812 et
407 2787 439 2822 p.
465 2776 534 2813 209
559 2786 634 2822 sqq.
