2067 3311
896 138 1186 179 ...80—

262 251 407 308 boves,
438 266 550 308 oves,
581 253 684 296 alias
714 267 781 297 res
812 257 1010 298 emendas
1041 256 1282 298 vendendas
1313 260 1511 312 spectent,
1543 270 1598 300 ex
1629 257 1690 299 eis
1719 257 1824 299 nihil

259 311 517 367 proficimus.
579 312 733 355 Contra
764 316 1076 370 cognoscimus,
1112 315 1190 357 etsi
1227 319 1364 358 certae
1400 316 1606 359 formulae
1645 315 1824 370 exstant,

260 375 402 413 tamen
447 373 491 413 in
537 373 718 427 singulis
760 374 1044 416 contractibus
1087 374 1212 429 plane
1250 374 1437 416 diversas
1468 388 1535 417 res
1565 376 1751 431 promitti
1782 379 1823 417 et

260 431 399 472 statui.
460 430 604 473 Huius
635 432 696 473 rei
726 436 775 473 ut
821 433 1015 489 exemplo
1058 436 1175 487 utar,
1219 433 1398 488 legimus
1439 434 1551 489 apud
1589 434 1822 476 Varronem

261 490 306 542 (r.
333 502 363 530 r.
391 488 433 531 II
462 489 530 543 10,
561 489 615 544 5),
652 490 688 532 si
719 503 786 533 res
816 494 956 547 empta
989 492 1157 534 vendita
1187 492 1322 534 evicta
1350 492 1423 546 sit,
1454 493 1613 548 duplex
1641 494 1821 549 pretium

260 561 284 588 a
326 548 544 590 venditore
587 548 838 591 solvendum
881 563 985 593 esse.
1058 548 1175 593 Idem
1223 551 1422 593 statuitur
1465 552 1511 593 in
1553 552 1823 607 inscriptione

260 607 434 649 secundi
466 621 504 662 p.
537 606 630 650 Chr.
656 609 813 650 saeculi
845 607 952 662 (CIL
971 609 1039 652 III
1057 611 1082 651 2
1101 623 1140 665 p.
1162 610 1245 652 940
1264 622 1325 665 sq.
1345 628 1402 647 =
1415 610 1557 652 Bruns
1575 612 1593 637 ⁶
1607 624 1645 666 p.
1662 611 1748 653 288
1761 623 1822 666 sq.

259 664 318 721 ΙΙ,
331 666 382 720 1).
421 664 581 708 Contra
611 668 655 708 in
681 667 776 709 aliis
802 668 991 711 eiusdem
1018 670 1163 711 aetatis
1186 668 1529 724 inscriptionibus
1553 670 1823 712 constituitur

259 725 440 781 simplex
470 729 637 768 tantum
666 724 849 781 pretium
881 728 942 769 rei
974 729 1135 771 evictae
1165 728 1424 771 reddendum
1454 741 1545 771 esse
1576 727 1686 784 (CIL
1705 728 1772 770 III
1793 730 1819 770 2

258 797 295 839 p.
330 785 427 839 937,
467 785 565 839 944,
598 786 682 827 959
716 804 771 822 =
804 785 947 828 Bruns
968 788 986 814 ⁶
1009 800 1047 842 p.
1083 785 1275 844 289s91).
1335 787 1386 829 In
1417 788 1663 830 universum
1694 788 1822 844 igitur

258 847 321 885 est
352 844 588 893 dicendum,
635 845 712 886 etsi
759 849 896 887 certae
926 846 1135 890 formulae
1164 846 1538 901 inveterascebant,
1582 850 1722 889 tamen
1754 859 1821 889 res

259 902 564 945 diversissimas
602 905 731 946 statui
773 905 976 960 potuisse,
1028 905 1260 947 dummodo
1297 906 1587 949 contrahentes
1622 907 1733 948 inter
1775 918 1821 948 se

257 963 558 1004 consenserint.
620 961 903 1012 Quamobrem
940 976 995 1005 ne
1032 964 1120 1006 duo
1153 964 1324 1019 quidem
1356 968 1593 1007 contractus
1623 965 1677 1007 ad
1707 977 1820 1020 emp-

257 1021 415 1063 tionem
466 1022 749 1065 venditionem
803 1023 1058 1078 pertinentes
1114 1023 1311 1066 omnibus
1361 1025 1406 1065 in
1460 1023 1639 1079 singulis
1694 1024 1820 1067 rebus

258 1080 584 1136 congruunt.⁵⁰).

377 1140 457 1182 His
489 1142 703 1196 expositis,
749 1144 798 1183 ut
828 1142 880 1183 ad
918 1154 1006 1183 rem
1036 1143 1291 1197 propositam
1321 1142 1554 1197 redeamus,
1598 1143 1640 1184 id
1684 1156 1818 1185 unum

258 1211 334 1253 pro
360 1200 613 1242 'certissimo
656 1199 895 1242 habendum
940 1203 1002 1242 est
1049 1200 1399 1242 verisimillimum
1450 1213 1541 1243 esse
1583 1204 1819 1244 contractus

259 1270 448 1313 quoque,
495 1259 566 1314 qui
615 1258 668 1300 ad
708 1258 873 1301 fabulas
915 1259 1114 1301 emendas
1153 1258 1394 1301 vendendas
1431 1259 1691 1315 spectabant,
1732 1273 1819 1302 non

258 1329 424 1371 semper
452 1329 574 1371 pares
603 1317 803 1369 fuisse.⁵1)
865 1316 960 1366 Qua
989 1330 1036 1359 re
1066 1318 1234 1371 cognita
1263 1330 1341 1359 nos
1378 1330 1483 1372 non,
1513 1323 1561 1360 ut
1597 1320 1678 1360 viri
1709 1318 1819 1360 docti

260 1375 397 1416 adhuc
420 1375 623 1428 fecerunt,
648 1388 719 1417 eos
744 1376 870 1429 locos,
901 1389 955 1418 ex
981 1375 1137 1431 quibus
1162 1376 1214 1417 de
1238 1375 1556 1418 condicionibus
1580 1376 1817 1419 fabularum

260 1434 532 1476 emendarum
573 1434 733 1489 aliquid
765 1435 918 1476 lucrari
957 1447 1201 1490 possumus,
1243 1435 1302 1476 ita
1340 1435 1728 1491 interpretabimur,
1771 1439 1819 1478 ut

259 1504 423 1547 semper
447 1506 577 1534 unam
607 1493 867 1548 eandemque
897 1495 1100 1535 rationem
1132 1497 1385 1535 asservatam
1420 1506 1511 1537 esse
1535 1494 1819 1536 demonstrare

259 1551 517 1605 studeamus,
548 1551 662 1607 quod
693 1553 752 1594 ita
781 1552 911 1594 fuisse
941 1556 989 1594 ut
1019 1552 1335 1607 demonstraret,
1364 1554 1523 1595 nemini
1553 1553 1694 1596 adhuc
1727 1554 1818 1596 viro

258 1611 379 1653 docto
410 1612 597 1667 contigit,
627 1624 725 1653 cum
754 1611 835 1652 loci
864 1612 973 1653 inter
994 1623 1039 1652 se
1062 1611 1186 1666 plane
1211 1611 1365 1653 diversi
1390 1612 1484 1655 sint.
1545 1611 1681 1654 Immo
1705 1625 1817 1667 vero,

257 1670 337 1724 ipsi
362 1670 401 1710 ei
425 1669 522 1723 loci,
548 1670 622 1724 qui
647 1671 794 1711 ceteris
815 1682 1049 1724 repugnare
1075 1670 1283 1722 videntur,
1305 1671 1461 1711 summi
1481 1674 1581 1712 sunt
1604 1671 1818 1724 momenti,

257 1740 354 1769 cum
386 1740 441 1770 ex
472 1728 533 1770 eis
564 1726 782 1782 efficiatur,
813 1731 861 1769 ut
890 1728 1045 1783 emptio
1078 1728 1263 1770 venditio
1293 1727 1531 1770 fabularum
1558 1730 1687 1771 variis
1716 1742 1817 1771 con-

257 1786 494 1828 dicionibus
524 1787 633 1828 facta
663 1787 727 1828 sit.
788 1785 886 1828 Hae
924 1799 1131 1841 quaenam
1170 1785 1326 1828 fuerint
1356 1788 1534 1842 singulis
1564 1788 1609 1828 in
1641 1789 1816 1843 emptio·

256 1845 401 1899 nibus,
445 1858 541 1887 cum
579 1848 770 1887 veterum
809 1846 1059 1887 testimoniis
1088 1857 1221 1900 paene
1250 1858 1422 1901 prorsus
1452 1846 1640 1889 destituti
1671 1847 1837 1901 simus,

257 1904 435 1945 dubium
479 1907 542 1945 est
585 1917 831 1959 semperque
874 1904 1084 1953 manebit„
1139 1903 1355 1946 Nonnulla
1396 1908 1535 1946 autem
1581 1906 1693 1946 haud
1730 1907 1816 1946 scio

256 1975 308 2003 an
342 1963 394 2003 ad
425 1961 833 2004 verisimilitudinem
867 1963 1079 2017 quandam
1110 1962 1339 2018 perducere
1369 1963 1590 2018 possimus.

374 2021 407 2062 I.
438 2021 507 2062 Ex
536 2021 638 2063 Hec.
670 2022 771 2075 prol.
803 2021 848 2062 11
878 2035 917 2062 v.
948 2022 1006 2063 48
1039 2034 1119 2075 sq.:
1153 2021 1282 2074 „Mihi
1314 2026 1362 2063 ut
1385 2022 1546 2064 discere

469 2079 611 2121 Novas
641 2079 836 2135 expediat
864 2079 1037 2135 posthac
1067 2080 1200 2135 pretio
1232 2082 1393 2135 emptas
1417 2080 1553 2122 ·me0.“

374 2219 417 2265 ⁶⁰)
442 2220 647 2266 Emptiones
671 2230 743 2255 non
768 2230 911 2265 semper
935 2218 1041 2254 simili
1065 2219 1171 2255 modo
1196 2219 1374 2264 perfectas
1399 2229 1479 2255 esse
1504 2219 1617 2255 Varro
1634 2230 1662 2256 r.
1681 2216 1709 2255 r.
1726 2220 1764 2256 Π
1783 2221 1814 2265 1,

256 2269 300 2303 15
325 2268 430 2312 dioit;
463 2288 506 2293 —
542 2268 589 2303 cf.
614 2268 661 2302 id.
686 2268 724 2302 Π
748 2268 782 2311 2,
808 2269 851 2302 5:
885 2267 952 2311 „In
977 2265 1213 2311 emptionibus
1237 2266 1384 2311 (ovium)
1407 2266 1486 2302 iure
1509 2267 1644 2302 utimur
1668 2278 1721 2312 eo,
1746 2278 1814 2314 quo

252 2315 313 2350 lex
339 2314 576 2360 praescripsit.
626 2314 675 2349 In
701 2324 750 2349 ea
774 2314 870 2349 enim
901 2312 977 2348 alii
1007 2312 1152 2358 plura,
1189 2312 1265 2347 alii
1301 2313 1511 2358 pauciora
1545 2314 1814 2360 excipiunt.“

253 2362 290 2398 H
315 2363 348 2407 5,
378 2363 418 2397 11
451 2362 553 2405 dicit,
591 2361 763 2406 quomodo
795 2360 904 2396 boves
940 2361 978 2395 et
1007 2359 1129 2395 domiti
1166 2360 1203 2395 et
1231 2359 1391 2396 indomiti
1424 2362 1588 2397 emantur
1618 2361 1814 2408 quibusque

253 2409 415 2444 formulis
439 2409 612 2444 utendum
638 2408 700 2452 sit3
722 2408 831 2443 ‘addit
855 2409 972 2442 autem
998 2407 1106 2442 haec:
1140 2406 1294 2451 „Paulo
1327 2408 1562 2444 verbosius
1586 2409 1710 2453 haec,
1742 2409 1814 2454 qui

253 2455 422 2491 Mamili
447 2455 648 2491 actiones
673 2456 924 2500 sequuntur
947 2453 1068 2488 lanii.“
1092 2464 1143 2499 sq.

373 2502 415 2546 ⁵²)
440 2501 530 2537 Aliis
555 2512 694 2546 quoque
719 2501 757 2535 in
782 2500 1019 2536 contractibus
1048 2501 1203 2537 maxima
1231 2502 1302 2537 fuit
1330 2502 1485 2537 varietas
1509 2503 1601 2547 apud
1625 2502 1812 2538 Romanos.

252 2549 463 2585 Pendebant
486 2548 601 2593 pueri,
626 2549 667 2583 ut
691 2547 895 2592 exemplum
920 2547 1083 2591 afferam,
1107 2548 1240 2583 Romae
1263 2548 1517 2584 litteratoribus
1533 2549 1737 2584 mercedem
1753 2551 1814 2584 aut

251 2597 472 2631 menstruam
517 2594 735 2641 (testimonia
769 2594 861 2639 apud
894 2593 1377 2639 Marquardt-Mommsenum
1407 2594 1430 2630 1.
1465 2605 1493 2631 s.
1527 2605 1555 2630 s.
1576 2595 1591 2616 ¹
1613 2595 1682 2631 VH
1708 2606 1741 2641 p.
1766 2596 1814 2632 94

252 2655 287 2678 n.
313 2644 335 2678 3
361 2644 398 2678 et
422 2644 459 2688 4)
496 2643 558 2678 aut
593 2652 748 2678 annuam
786 2641 846 2684 (cf.
871 2640 952 2676 ibid.
980 2652 1012 2687 p.
1038 2642 1083 2677 95
1114 2653 1148 2677 n.
1178 2644 1210 2685 1,
1237 2643 1269 2687 2,
1295 2643 1332 2688 3)
1369 2643 1431 2677 aut
1466 2642 1608 2678 omnino
1645 2642 1733 2677 nihil
1768 2643 1812 2678 de

252 2691 417 2726 mercede
442 2691 549 2726 antea
578 2688 829 2734 conveniebat,
866 2688 916 2724 ita
951 2691 991 2724 ut
1021 2691 1202 2735 parentes,
1243 2691 1413 2735 quantum
1444 2689 1595 2734 vellent,
1627 2689 1814 2727 litterator-i

250 2739 378 2773 darent
403 2737 499 2782 [ibid.
526 2749 559 2781 p.
585 2737 631 2772 95
657 2749 692 2771 n.
719 2737 767 2781 4].
