2067 3311
893 138 1180 181 ..82-

257 255 342 295 iam
373 256 495 296 antea
525 267 550 296 a
578 253 770 297 Terentio
801 255 952 297 emisse
981 267 1236 310 gregemque
1266 255 1458 298 docuisse
1482 258 1524 298 et
1553 257 1816 311 exspectasse

257 312 382 354 ludos
406 312 572 368 aliquos
596 314 821 367 scaenicos,
847 313 1004 368 quibus
1028 313 1213 355 fabulam
1234 326 1388 357 novam
1412 327 1536 369 agere
1560 313 1641 357 sibi
1661 314 1815 361 liceret.

258 370 471 426 Hecyram
514 374 674 426 autem,
718 384 845 427 quam
892 373 1081 427 quinque
1124 373 1246 414 annis
1288 376 1386 415 ante
1428 386 1527 415 cum
1569 384 1694 429 grege
1738 383 1817 414 suo

259 433 411 485 egerat,
442 431 582 473 denuo
612 431 796 487 ediscere
826 436 937 473 certe
966 443 1053 473 non
1085 430 1253 474 difficile
1284 434 1383 474 erat.

375 488 431 532 H.
464 488 618 532 Contra
659 489 901 532 Terentium
940 489 1153 544 Hecyram
1195 489 1278 533 alio
1319 492 1441 546 pacto
1483 490 1720 534 vendidisse
1762 502 1818 533 ex

258 550 393 604 ipsius
423 552 569 605 poetae
592 548 732 592 verbis
763 552 932 605 apparet
963 549 1079 605 (prol.
1110 549 1132 591 Ι
1162 563 1201 592 v.
1234 550 1259 591 6
1281 551 1375 605 sq.):
1500 566 1503 569 >

472 607 552 663 „Et
581 609 618 650 is
650 609 726 664 qui
756 609 922 664 scripsit
951 609 1061 651 hanc
1091 609 1144 651 ob
1170 622 1262 652 eam
1291 621 1381 651 rem
1411 609 1548 651 noluit

197 716 199 718 v
474 667 636 709 Iterum
666 667 834 719 referre,
863 671 912 709 ut
942 669 1095 710 iterum
1126 672 1266 723 posset
1295 668 1511 710 vendere“.

259 726 310 767 In
341 729 487 780 poetae
516 726 646 781 igitur
675 729 879 781 potestate
914 726 1014 781 fuit,
1045 730 1188 769 utrum
1218 726 1404 768 fabulam
1433 726 1602 768 iteraret
1631 739 1685 768 an
1721 727 1818 768 reti-

259 787 387 826 neret.
450 782 615 833 Quibus
645 784 964 826 condicionibus
1001 789 1123 840 poeta
1152 785 1266 826 hunc
1296 788 1554 827 contractum
1587 797 1682 826 cum
1716 785 1818 826 Am-

259 842 373 885 bivio
403 842 558 898 fecerit,
588 844 813 887 nescimus.
855 842 1100 900 Complures
1131 848 1271 887 autem
1303 844 1417 886 modi
1448 844 1642 899 usurpari
1672 846 1819 899 potue-

258 906 378 945 runt:

381 961 419 1004 1.
451 961 643 1004 Primum
674 963 848 1018 cogitari
879 965 1015 1018 potest
1043 974 1132 1005 rem
1169 963 1229 1004 ita
1271 974 1315 1005 se
1360 961 1573 1016 habuisse,
1614 965 1664 1004 ut
1706 965 1821 1005 actor

261 1022 366 1063 nihil
396 1036 422 1064 a
451 1025 573 1076 poeta
604 1025 760 1064 emeret
789 1023 871 1063 nisi
908 1023 977 1063 ius
1012 1023 1171 1077 primae
1201 1022 1388 1064 actionis.
1450 1020 1578 1071 Quod<
1603 1023 1639 1064 si
1669 1034 1818 1064 verum

262 1084 336 1134 est,
352 1080 518 1123 duobus
534 1080 671 1122 modis
695 1081 869 1135 cogitari
884 1083 1020 1135 potest
1039 1092 1128 1122 rem
1154 1083 1288 1122 actam
1312 1080 1443 1122 fuisse
1466 1081 1576 1122 inter
1601 1080 1821 1122 dominum

260 1140 400 1194 gregis
431 1142 472 1181 et
502 1142 685 1194 poetam:
727 1140 912 1193 primum
950 1142 1132 1181 actorem
1163 1142 1325 1181 certum
1355 1139 1538 1194 pretium
1569 1143 1692 1181 antea
1721 1151 1818 1181 con-

261 1199 455 1241 stitutum
486 1201 560 1240 aut
590 1198 731 1240 statim
761 1201 837 1240 aut
866 1201 960 1266 post
979 1198 1156 1254 primam
1183 1199 1391 1240 actionem
1422 1198 1610 1252 solvisse,
1638 1198 1682 1240 id
1708 1198 1821 1254 quod

261 1270 355 1299 meo
388 1257 559 1312 quidem
588 1257 746 1299 iudicio
778 1258 893 1298 omni
913 1257 1204 1315 probabilitate
1228 1261 1350 1300 caret.
1401 1256 1569 1299 Etenim
1594 1257 1674 1300 hoc
1700 1261 1821 1313 pacto

261 1320 377 1358 actor
406 1315 593 1358 fabulam
624 1317 743 1371 emit,
786 1329 841 1358 ex
872 1329 956 1371 qua
987 1319 1150 1359 essetne
1179 1316 1372 1359 factm-us
1415 1316 1594 1370 lucrum,
1638 1317 1824 1358 maxime

263 1379 351 1418 erat
382 1375 570 1418 dubium.
632 1348 835 1417 Accidere
865 1377 977 1417 enim
1008 1378 1181 1432 poterat,
1211 1379 1260 1418 ut
1289 1376 1391 1418 haec
1420 1375 1563 1417 fabula
1593 1374 1645 1417 ab
1677 1374 1822 1418 aedili-

262 1435 345 1477 bus
375 1438 450 1477 aut
480 1435 652 1477 omnino
682 1435 986 1490 repudiaretur,
1015 1436 1074 1477 ita
1103 1438 1153 1477 ut
1176 1439 1291 1477 actor
1320 1434 1503 1477 fabulam
1529 1447 1607 1477 suo
1636 1434 1823 1490 periculo

262 1495 439 1549 suisque
468 1494 670 1549 impensis
701 1505 823 1549 agere
853 1497 1082 1549 cogeretur,
1113 1507 1198 1550 qua
1227 1495 1273 1536 in
1302 1506 1349 1536 re
1378 1493 1500 1536 facile
1529 1493 1621 1536 fieri
1650 1496 1824 1550 poterat,

262 1557 311 1595 ut
342 1553 546 1595 damnum
577 1553 801 1608 acciperet,
847 1556 920 1594 aut
949 1553 1047 1595 licet
1087 1553 1215 1595 fuerit
1245 1556 1401 1608 empta,
1443 1557 1583 1595 tamen
1614 1554 1651 1595 si
1680 1552 1823 1595 fabula

263 1611 471 1655 aedilibus
502 1624 587 1654 non
617 1623 871 1667 magnopere
900 1611 1089 1667 placebat
1128 1612 1309 1668 ideoque
1338 1625 1468 1667 parvo
1498 1614 1661 1654 tantum
1691 1613 1824 1667 pretio

263 1672 392 1727 digna
421 1670 667 1725 habebatur,
709 1683 841 1726 paene
885 1671 1054 1713 nullum
1096 1672 1265 1713 lucrum
1302 1672 1432 1713 actori
1462 1670 1615 1713 afferet.
1675 1670 1825 1726 Neque

262 1743 363 1774 vero
395 1730 592 1773 dominus
621 1731 774 1786 gregis,
813 1742 909 1772 cum
941 1729 1127 1773 fabulam
1158 1731 1309 1773 iterare
1340 1731 1379 1772 ei
1409 1742 1495 1772 non
1525 1730 1681 1784 liceret,
1717 1730 1824 1772 illud

263 1791 468 1832 damnum
498 1789 670 1832 reficere
699 1792 872 1845 poterat.

381 1848 548 1891 Deinde
578 1850 715 1904 potuit
745 1849 969 1891 convenire
1011 1849 1121 1891 inter
1157 1852 1322 1904 poetam
1354 1852 1396 1891 et
1425 1849 1645 1890 dominum
1674 1849 1826 1904 gregis,

263 1912 312 1951 ut
341 1911 465 1964 poeta
484 1911 526 1950 et
546 1910 720 1962 certum,
751 1908 945 1963 quamvis
965 1921 1156 1964 parvum,
1186 1909 1368 1964 pretium
1394 1911 1436 1949 et
1455 1907 1640 1964 aliquam
1664 1910 1826 1964 partem

264 1969 356 2009 eius
386 1967 507 2021 lucri,
539 1967 651 2022 quod
682 1970 798 2009 actor
827 1970 1026 2022 capturus
1050 1970 1174 2021 esset,
1205 1967 1474 2022 acciperetffl)
1535 1968 1665 2009 Actor
1693 1967 1824 2022 igitur

265 2040 349 2069 non
383 2039 585 2082 magnum
615 2026 851 2082 periculum
883 2029 1140 2082 susceperat,
1185 2039 1282 2069 cum
1324 2039 1503 2082 parvum
1533 2026 1713 2082 pretium
1746 2025 1826 2068 sol-

264 2087 412 2135 visset3
444 2089 566 2140 poeta
596 2089 738 2127 autem
769 2089 992 2127 contentus
1023 2089 1111 2128 erat
1141 2089 1182 2127 et
1211 2085 1285 2127 illo
1315 2099 1446 2140 parvo
1476 2086 1609 2140 pretio
1640 2089 1682 2127 et
1712 2085 1825 2139 quod

265 2144 453 2186 fabulam
483 2145 657 2186 omnino
688 2144 944 2186 vendiderat.

384 2205 425 2259 2)
458 2203 540 2246 Sed
571 2203 654 2246 alia
685 2216 856 2260 quoque
886 2204 1048 2246 ratione
1087 2206 1328 2246 contractus
1358 2202 1495 2258 potuit
1527 2202 1637 2244 iniri.
1697 2201 1828 2245 Poeta

265 2264 379 2305 enim
421 2262 610 2304 fabulam
657 2275 778 2305 suam
821 2263 950 2305 actori
989 2263 1254 2305 vendendam
1294 2262 1465 2303 tradidit
1495 2274 1543 2303 ea
1573 2262 1828 2316 condicione,

267 2325 316 2364 ut
347 2324 463 2364 actor
494 2324 568 2363 aut
596 2321 784 2364 fabulam
815 2321 1021 2364 aedilibus
1051 2321 1252 2363 venderet
1282 2323 1323 2363 et
1353 2320 1519 2363 doceret
1548 2323 1639 2375 aut,
1682 2321 1719 2363 si
1748 2320 1828 2362 hoc

265 2394 353 2423 non
405 2381 683 2435 contingeret,
732 2385 879 2436 poetae
932 2381 1135 2423 redderet.
1214 2379 1375 2421 Fabula
1423 2380 1552 2435 igitur
1596 2379 1648 2421 ab
1686 2382 1829 2422 ‚actore

267 2438 588 2493 aestimabatur,
631 2442 672 2481 et
713 2440 792 2481 hoc
837 2440 1022 2495 pretium
1070 2441 1144 2480 aut
1184 2440 1324 2480 totum
1370 2442 1443 2504 aut
1473 2450 1528 2481 ex
1558 2442 1675 2494 parte
1705 2439 1829 2480 certis
1900 2438 1904 2442 “

387 2556 431 2602 ⁵⁴)
457 2556 600 2592 Etenim
625 2555 703 2591 iure
729 2555 824 2591 civili
848 2556 1003 2602 pretium
1029 2556 1168 2592 certum
1193 2565 1272 2591 esse
1296 2554 1456 2599 debebat,
1482 2556 1550 2592 etsi
1574 2555 1733 2592 numeris
1756 2565 1829 2591 non

268 2605 500 2641 constitutum
526 2604 614 2640 erat.
641 2604 688 2639 cf.
715 2603 793 2650 Dig.
818 2604 947 2639 XVIII
975 2605 991 2639 1
1019 2603 1042 2639 l.
1069 2605 1089 2638 7
1117 2603 1138 2648 ξ
1166 2604 1197 2638 1.
1236 2622 1279 2628 -
1317 2603 1443 2649 Neque
1480 2604 1597 2639 minus
1628 2604 1830 2640 contractus

267 2653 418 2697 valebat,
450 2653 481 2687 si
505 2651 660 2698 pretium
686 2651 716 2685 si
741 2662 812 2686 non
837 2653 967 2695 totum,
1006 2652 1163 2686 attamen
1191 2661 1237 2685 ex
1261 2652 1360 2696 parte
1386 2653 1523 2687 certum
1548 2653 1641 2695 erat3
1678 2651 1725 2687 cf.
1750 2650 1828 2696 Dig.

268 2700 396 2736 XVIII
422 2701 440 2735 1
474 2699 496 2735 1.
524 2701 543 2735 '7
577 2699 599 2743 ἓ
625 2698 658 2734 2.
698 2719 742 2724 -
775 2698 821 2734 cf.
847 2698 1081 2734 Windscheid
1111 2696 1134 2732 1.
1167 2708 1194 2733 s.
1227 2708 1255 2733 s.
1281 2697 1343 2733 ⁸11
1374 2710 1407 2744 p.
1433 2698 1586 2744 588s591
1620 2700 1654 2746 (ξ
1678 2698 1763 2745 386)
1794 2700 1831 2734 et

269 2747 485 2794 Dernburg⁶
509 2747 546 2782 II
570 2757 603 2792 p.
631 2746 712 2782 258.
