2067 3311
898 169 1183 211 -54-

263 287 634 328 contaminationis
680 286 1006 328 controversiam
1046 286 1294 335 diiudicent,
1325 288 1373 326 ut
1407 285 1722 339 pernoscant,“)
1753 296 1819 325 00-

264 345 365 401 quid
403 347 492 400 spei
538 345 618 387 sibi
654 346 709 387 sit
744 344 951 387 relicuom
986 348 1062 386 etc.
1129 343 1169 385 Ν
1171 356 1224 385 011
1267 344 1397 398 igitur
1441 346 1579 398 rogat,
1621 346 1671 384 ut
1711 342 1820 383 hanc

263 417 394 446 unam
424 403 631 446 Andriam
662 403 859 459 probent,
905 404 1059 458 quippe
1091 415 1217 458 quam
1248 402 1373 457 paulo
1415 405 1513 444 ante
1540 400 1819 457 probaverint.

263 462 414 517 Neque
455 475 556 504 vero
598 465 691 504 tum
735 465 987 517 spectatores
1029 463 1236 503 sciverant
1271 460 1458 502 fabulam
1494 460 1818 502 contaminatam

263 534 365 563 esse.
443 520 570 562 Nunc
614 522 745 576 igitur
787 522 909 575 petit,
956 524 1003 561 ut
1046 524 1295 575 spectatores
1345 519 1598 572 diiudicent,
1643 518 1820 560 liceatne

263 580 434 620 omnino
465 579 653 621 fabulam
683 580 978 621 contaminare.

381 638 447 679 Ita
477 639 513 679 si
556 638 753 692 prologus
795 637 1040 692 percipitur,
1079 638 1234 691 optime
1270 648 1337 678 me
1372 635 1512 677 iudice
1547 635 1745 677 convenit
1781 636 1820 677 ei

263 698 452 751 tempori,
484 708 568 751 quo
600 700 720 751 poeta
750 694 914 737 fabulas
944 694 1126 736 scribere
1155 696 1279 737 modo
1310 697 1510 749 coeperat.

606 895 769 959 Caput
806 896 881 943 V:
924 893 1223 961 Appendix
1259 894 1477 948 critica.

263 1001 287 1055 ἓ
321 1001 356 1041 1.
422 1001 486 1042 De
521 1000 1070 1042 Heautontimorumeni
1115 999 1303 1052 prologi
1336 999 1564 1041 verslbus
1594 997 1740 1055 48s50
1772 1002 1821 1039 et

468 1071 680 1123 Hecyrae
714 1070 903 1124 prolog!
937 1068 1140 1114 alterius
1171 1069 1399 1113 versibus
1430 1082 1618 1123 41-43.

382 1154 434 1195 111
456 1153 926 1196 Heautontimorumeni
946 1153 1118 1209 prologo
1144 1153 1322 1208 legimus
1340 1153 1417 1195 hos
1429 1166 1575 1195 versus
1589 1153 1819 1206 (48-50):

477 1213 548 1267 „Si
578 1226 814 1268 numquam
844 1226 969 1255 avare
993 1213 1174 1268 pretium
1204 1213 1332 1255 statui
1363 1213 1442 1254 arti
1472 1225 1590 1254 meae

477 1271 532 1313 Et
562 1284 659 1314 eum
691 1284 782 1314 esse
824 1277 1045 1327 quaestum
1075 1273 1119 1313 in
1152 1272 1341 1313 animum
1371 1271 1523 1313 induxi
1559 1285 1821 1325 maxumum,

478 1328 613 1380 Quam
644 1343 844 1372 maxume
874 1331 1032 1372 servire
1062 1331 1215 1373 vostris
1245 1330 1509 1372 commodis.“

383 1389 531 1431 Eidem
553 1402 701 1431 versus
725 1390 923 1444 leguntur
942 1390 985 1430 in
1009 1388 1201 1443 Hecyrae
1225 1389 1397 1444 prologo
1418 1388 1547 1430 altero
1560 1390 1640 1442 (vv.
1655 1386 1820 1445 41s43).

266 1447 382 1497 Quos
429 1461 576 1490 versus
622 1461 719 1489 cum
768 1451 948 1503 utroque
990 1448 1080 1490 loco
1124 1451 1319 1503 appareat
1360 1448 1523 1490 admitti
1560 1461 1643 1490 non
1687 1460 1821 1503 posse,

265 1508 493 1562 quaeritur,
527 1510 621 1548 utro
651 1507 743 1549 loco
775 1508 859 1548 sint
888 1508 1074 1561 genuini.

383 1565 577 1607 Primum
619 1566 812 1607 videmus
856 1578 1001 1607 omnes
1044 1567 1207 1608 codices
1248 1569 1412 1620 praeter
1448 1565 1703 1608 Bembinum
1745 1566 1820 1608 hos

264 1628 348 1666 tres
381 1637 528 1667 versus
560 1627 740 1679 utroque
769 1624 862 1666 loco
894 1624 1110 1677 exhibere3
1143 1625 1327 1666 codicem
1358 1624 1611 1666 Bembinum
1644 1624 1713 1678 (A)
1737 1628 1820 1666 tres

265 1696 412 1725 versus
443 1684 578 1725 solum
611 1684 656 1723 in
681 1682 875 1736 Hecyrae
898 1684 1069 1738 prologo
1093 1683 1303 1738 praebere,
1334 1687 1478 1725 contra
1503 1682 1819 1725 Heautontimo-

264 1743 432 1784 rumeni
462 1742 554 1783 loco
585 1742 754 1783 tertium
787 1745 950 1784 tantum
983 1742 1133 1784 horum
1159 1754 1368 1785 versuum.
1417 1741 1521 1783 Cum
1549 1754 1648 1783 vero
1673 1743 1819 1792 tertius

264 1814 412 1843 versus
445 1800 609 1842 duobus
639 1800 851 1856 prioribus
876 1802 1041 1843 omissis
1062 1814 1190 1843 sensu
1214 1804 1362 1854 careat,
1393 1801 1471 1843 hoc
1494 1801 1585 1843 1000
1609 1801 1653 1842 in
1678 1801 1820 1843 codice

263 1860 305 1901 A
317 1860 413 1901 illos
429 1860 535 1901 duos
549 1872 696 1901 versus
710 1872 786 1914 per
801 1872 984 1901 errorem
1000 1859 1160 1901 librarii
1173 1860 1350 1901 omissos
1363 1872 1453 1902 esse
1465 1859 1731 1901 manifestum
1746 1865 1819 1902 est.

382 1917 545 1960 Deinde
575 1917 789 1960 Donatum
820 1919 896 1960 hos
927 1931 1073 1960 versus
1104 1920 1148 1960 in
1179 1918 1371 1972 Hecyrae
1394 1919 1565 1974 prologo
1590 1918 1741 1974 legisse
1766 1932 1821 1960 ex

264 1979 356 2019 eius
386 1979 687 2019 commentario
719 1978 817 2019 licet
846 1981 1048 2030 statuere;
1082 1979 1156 2033 qui
1181 1991 1276 2019 cum
1304 1978 1356 2019 ad
1381 1976 1820 2021 Heautontimorume-

263 2049 348 2077 non
381 2049 465 2077 11011
498 2039 688 2077 servatus
718 2037 786 2089 sit,
816 2037 1017 2091 legeritne
1048 2035 1239 2078 Donatus
1270 2037 1346 2077 hos
1370 2049 1519 2077 versus
1544 2038 1587 2077 111
1613 2037 1691 2078 1100
1716 2049 1818 2091 quo-

264 2108 348 2149 que
372 2095 556 2149 prologo,
586 2095 848 2149 nescimus.1)
892 2094 1044 2150 Neque
1068 2096 1178 2137 enim
1207 2096 1446 2150 quicquam,
1476 2096 1635 2150 opinor,
1665 2094 1819 2138 Donati

263 2153 403 2195 verbis
440 2153 656 2208 probatur,
693 2154 767 2208 qui
804 2154 976 2195 adnotat
1010 2154 1063 2195 ad
1100 2153 1209 2195 Eun.
1245 2153 1349 2207 prol.
1389 2167 1427 2194 V.
1462 2154 1504 2194 1:
1545 2154 1820 2206 „attendenda

262 2216 408 2269 poetae
438 2213 569 2269 copia,
601 2212 712 2268 quod
738 2213 782 2254 in
815 2215 875 2255 tot
904 2212 1089 2268 prologis
1120 2212 1172 2254 ab
1204 2212 1348 2254 eadem
1379 2224 1517 2268 causa,
1548 2212 1703 2255 eisdem
1734 2212 1820 2255 fere

263 2273 494 2326 sententiis,
525 2274 653 2314 variis
684 2272 825 2314 verbis
856 2273 1023 2314 utitur-⁴⁶.

381 2331 531 2386 Itaque
561 2344 659 2373 cum
690 2331 827 2373 desint
856 2331 1093 2373 testimonia
1123 2332 1314 2387 antiqua,
1351 2335 1445 2374 utro
1475 2331 1567 2374 loco
1598 2332 1641 2373 hi
1670 2345 1819 2375 versus

264 2392 316 2432 ad
348 2391 653 2432 sententiarum
685 2391 836 2431 seriem
867 2391 1045 2445 aptiores
1076 2391 1171 2443 sint,
1202 2391 1573 2433 demonstrandum
1604 2395 1677 2433 est.

382 2449 850 2491 Heautontimorumeni
888 2449 1049 2504 prologi
1079 2463 1146 2491 vv.
1178 2450 1319 2490 1--34
1342 2449 1575 2491 ‘Ambivius
1612 2450 1664 2491 de
1700 2454 1820 2505 poeta

381 2576 425 2621 ⁴⁴)
449 2576 717 2611 Attendendum
742 2577 798 2611 est
821 2577 960 2622 poetam
984 2577 1103 2612 dicere
1129 2577 1177 2621 (v.
1194 2576 1242 2611 24
1266 2577 1349 2621 sq.):
1376 2577 1488 2621 „Rem
1514 2577 1724 2622 cognoscite,

474 2625 516 2659 ut
539 2624 838 2669 pernoscatis,
863 2624 989 2669 ecquid
1014 2623 1091 2669 spei
1115 2624 1162 2659 sit
1185 2623 1395 2668 relicuom“;

262 2671 400 2705 Rursus
423 2670 532 2716 igitur
556 2670 804 2706 blandimentis
828 2671 951 2716 utitur,
976 2672 1061 2706 dum
1085 2672 1303 2717 spectatores
1326 2671 1462 2707 iudices
1485 2672 1582 2707 facit.

383 2718 410 2761 ι)
440 2718 662 2763 Eugraphius
691 2718 756 2753 hos
788 2728 914 2753 versus
944 2718 1057 2753 solum
1087 2718 1125 2753 in
1150 2718 1314 2763 Hecyrae
1346 2717 1487 2764 prologo
1518 2718 1647 2764 legisse
1678 2719 1820 2756 videtur

262 2766 323 2811 (cs.
347 2765 492 2801 Terenti
516 2765 598 2801 edit.
625 2765 751 2800 Reinh.
777 2764 906 2801 Klotzii
932 2766 1039 2812 [Lips.
1068 2765 1235 2813 1838s40]
1260 2766 1298 2801 11
1322 2777 1355 2812 p.
1382 2766 1451 2803 342
1476 2767 1520 2803 ad
1546 2777 1580 2803 v,
1606 2766 1677 2811 39).
