2067 3311
880 154 1145 196 ,9-

352 272 395 316 4.
426 271 696 330 Relinquitur
726 272 841 317 solus
871 272 1059 315 Andriae
1088 272 1298 329 prologus,
1335 270 1388 314 de
1418 281 1516 327 quo,
1551 281 1648 310 cum
1680 269 1788 311 sitne

238 331 379 375 fabula
421 346 532 376 nova
573 347 626 375 an
669 337 810 387 vetus,
847 337 968 400 poeta
1005 333 1051 373 in
1085 332 1257 387 prologo
1293 344 1378 373 non
1414 330 1633 386 perspicue
1667 328 1790 380 dicat,

237 391 345 433 nibil
376 392 477 434 certi
507 396 682 435 constat.
725 392 833 433 Aliis
856 392 985 447 igitur
1010 391 1137 432 huius
1160 390 1320 446 prologi
1343 390 1446 432 locis
1470 388 1689 431 nitendum
1715 392 1789 429 est.

236 448 319 493 Sed
355 451 464 494 hanc
503 465 592 494 rem
628 455 719 494 tum
757 451 927 494 demum
964 449 1302 503 diiudicabimus,
1338 462 1434 492 cum
1466 449 1509 490 in
1542 448 1788 490 universum

238 509 341 563 quid
383 522 438 551 ex
479 511 662 566 prologis
706 510 759 551 de
800 509 947 551 ordine
980 506 1219 550 fabularum
1256 508 1545 562 chronologico
1582 511 1788 562 appareat,

234 567 576 613 intellexerimus.

352 627 468 670 Haec
498 630 696 684 quoniam
727 628 1014 682 cognovimus,
1043 627 1197 668 elucet:

352 685 384 729 Ι.
411 688 523 744 quod
553 687 605 729 de
622 685 831 741 Eunuchi,
856 684 1134 740 Phormionis,
1159 683 1636 752 Heautontimorumeni,
1658 682 1787 724 Adel-

234 747 345 801 phon
383 747 651 802 prologorum
687 753 873 801 tempore
907 745 1183 797 lucrabimur,
1220 744 1331 786 idem
1369 745 1422 786 ad
1452 744 1607 798 primas
1638 743 1787 785 harum

235 804 472 847 fabularum
502 806 688 847 actiones
717 804 982 847 referendum
1013 816 1115 846 esse.

351 863 406 907 IL
444 864 557 921 quod
594 864 646 906 de
675 862 867 918 Hecyrae
905 867 1085 919 utroque
1114 863 1286 919 prologo
1317 865 1561 915 statuemus,
1591 861 1703 902 idem
1734 861 1786 902 ad

235 923 361 965 huius
390 923 557 966 fabulae
587 923 793 965 actionem
824 923 1051 965 secundam
1083 926 1125 964 et
1154 923 1318 964 tertiam
1349 925 1545 976 spectare.

351 981 429 1024 111.
460 982 573 1037 quod
614 981 666 1023 de
697 981 881 1023 Andriae
912 982 1072 1037 prologi
1102 985 1287 1036 tempore
1317 981 1639 1035 comperiemus,
1675 978 1786 1020 idem

234 1041 442 1096 pertinere
472 1041 525 1082 ad
553 1039 681 1082 huius
704 1039 872 1082 fabulae
896 1041 1081 1115 aliquam
1106 1040 1324 1092 actionem,
1355 1051 1463 1093 quae
1488 1042 1629 1079 utrum
1653 1038 1788 1093 prima

234 1100 288 1141 sit
317 1110 462 1153 necne,
492 1100 714 1142 nescimus.

351 1158 477 1200 Nunc
513 1159 648 1214 ipsam
684 1158 737 1200 ad
772 1170 862 1200 rem
896 1158 1156 1200 accedamus.
1217 1157 1360 1212 Atque
1389 1157 1570 1212 primum
1604 1155 1787 1210 quidem,

235 1217 338 1273 quid
362 1229 417 1259 ex
441 1217 619 1272 singulis
642 1216 826 1272 prologis
850 1217 1073 1272 discamus,
1097 1216 1247 1259 deinde
1273 1215 1374 1271 quid
1399 1228 1455 1258 ex
1480 1215 1661 1271 prologis
1679 1215 1788 1256 inter

234 1288 280 1318 se
309 1277 557 1331 comparatis
587 1281 793 1332 appareat,
823 1276 1052 1319 videamus.

305 1441 467 1504 Caput
492 1441 527 1489 I:
565 1440 648 1493 Ex
684 1439 920 1506 singulis
956 1439 1212 1506 prologis
1249 1440 1382 1505 quid
1418 1439 1717 1493 discamus.

355 1534 389 1576 1.
421 1533 472 1575 In
504 1533 710 1576 Andriae
739 1533 910 1589 prologo
940 1533 1119 1589 legimus
1150 1533 1251 1576 haec
1281 1533 1409 1576 verba
1439 1536 1491 1586 (v.
1522 1534 1542 1574 1
1576 1534 1699 1588 sqq).

445 1592 602 1694 ,I‚(Ii²oetli)2
629 1605 773 1694 quomt
786 1593 968 1693 prirnlugl
999 1593 1204 1693 anilmumd
1218 1593 1270 1635 ad
1295 1593 1559 1635 scribendum
1588 1592 1760 1646 adpulit,

525 1664 560 1694 si
591 1665 605 1693 1
635 1664 689 1694 ne
719 1664 776 1693 01
807 1663 875 1694 cre
905 1664 919 1693 1
949 1653 981 1693 it
1010 1664 1146 1693 soum
1207 1652 1267 1693 ari

446 1711 607 1766 Populo
636 1665 923 1766 utgplacerent
953 1724 1058 1765 quas
1088 1711 1252 1753 fecisset
1270 1684 1454 1753 'fabulas

446 1769 604 1811 Verum
636 1770 756 1811 aliter
785 1770 952 1811 evenire
981 1769 1115 1810 multo
1145 1769 1368 1824 intellegit3

321 1841 359 1869 v.
375 1828 412 1870 5.
441 1827 550 1870 Nam
579 1828 624 1869 in
656 1828 836 1883 prologis
866 1827 1103 1871 scribundis
1134 1841 1301 1884 operam
1332 1828 1530 1882 abutitur,

443 1886 539 1928 Non
571 1888 645 1942 qui
675 1890 969 1942 argumentum
1002 1891 1152 1941 narret,
1181 1888 1253 1929 sed
1286 1888 1360 1942 qui
1390 1885 1575 1928 malivoli

444 1944 609 1989 Veteris
638 1952 783 2002 poetae
812 1945 1045 1989 maledictis
1074 1946 1356 2003 respondeat“.

350 2004 479 2046 Poeta
507 2006 666 2060 incipit,
695 2008 744 2047 ut
766 2005 972 2058 videmus,
1003 2006 1146 2047 dicens
1169 2019 1215 2048 se
1243 2006 1497 2060 simulatque
1521 2007 1710 2047 animum
1734 2006 1786 2046 ad

234 2062 505 2108 scribendum
546 2063 757 2120 adpulerit
791 2064 830 2108 h.
861 2076 896 2108 e.
927 2077 1024 2107 cum
1061 2064 1113 2108 de
1147 2064 1300 2107 fabulis
1337 2064 1567 2108 scribendis
1604 2065 1787 2121 primum

232 2124 475 2175 cogitaverit
504 2124 590 2177 vel,
625 2127 673 2165 ut
704 2122 1087 2176 Drakenborchiiss)
1119 2125 1257 2167 verbIs
1289 2129 1399 2178 utar,
1433 2137 1530 2166 cum
1561 2124 1786 2166 consilium

232 2179 414 2223 scribere
450 2182 605 2238 ceperit
641 2181 709 2224 vel
737 2180 919 2224 scribere
949 2178 1166 2238 inceperit,
1203 2182 1431 2225 credidisse
1461 2181 1545 2224 sibi
1575 2183 1617 2224 id
1649 2183 1786 2224 solum

232 2241 504 2295 spectandum
525 2253 628 2294 esse,
648 2245 696 2283 ut
715 2241 893 2294 fabulae,
915 2255 1020 2296 quas
1039 2243 1269 2295 fecisset,1⁵)
1288 2242 1443 2298 populo
1460 2256 1586 2297 quam
1604 2243 1787 2284 maxime

231 2298 452 2353 placerent.
499 2298 660 2340 Verum
691 2312 737 2340 se
766 2300 1009 2355 intellegere
1036 2325 1090 2330 —
1116 2313 1199 2341 non
1227 2302 1583 2355 „intellexisse“1⁶)
1608 2325 1667 2330 —
1692 2314 1785 2355 pro-

351 2414 393 2458 ¹⁴²)
418 2413 571 2458 ,Dictata
592 2416 636 2450 ad
652 2416 795 2451 Terenti
812 2417 1028 2454 Comoedias‘
1054 2417 1148 2453 edita
1171 2428 1193 2453 a
1208 2418 1380 2453 Grauerto
1404 2418 1441 2452 in
1458 2417 1638 2452 Analectis
1663 2418 1785 2453 histor.

231 2462 269 2497 et
303 2460 422 2506 philol.
459 2453 488 2496 '1.
537 2461 744 2498 Monasterii
784 2463 874 2500 1833
913 2475 946 2518 p.
972 2464 994 2499 9
1019 2474 1095 2509 squ
1123 2484 1165 2490 -
1192 2465 1292 2500 Idem
1322 2464 1409 2500 dicit
1438 2464 1499 2499 Th.
1525 2464 1698 2500 Benfeius
1724 2465 1784 2507 (ct.

230 2472 390 2600 Ψαέἐιθι·
424 2508 462 2543 in
494 2508 583 2544 libro
616 2509 844 2547 miscellaneo
879 2510 973 2547 edito
1003 2522 1025 2547 a.
1060 2511 1230 2547 societate
1254 2511 1462 2557 philologica
1486 2511 1667 2546 Bonnensi
1695 2512 1787 2548 1864

291 2557 311 2590 7
337 2556 395 2646 )“*)
420 2601 587 2646 ‚fecisset‘
617 2602 684 2638 hoc
714 2603 790 2639 loco
821 2604 973 2649 positum
999 2606 1055 2640 est
1078 2616 1142 2650 pro
1166 2605 1390 2641 coniunctivo
1414 2605 1528 2640 futuri
1552 2605 1680 2646 exacti,
1705 2606 1788 2651 quia

232 2650 269 2685 in
293 2648 447 2694 verbis,
450 2648 496 2693 ,id
520 2648 584 2685 sibi
610 2650 730 2696 negoti
753 2650 867 2687 solum
891 2651 979 2694 dari,
1003 2653 1044 2688 ut
1066 2652 1207 2688 fabulae
1231 2652 1437 2697 placerent“
1454 2652 1548 2688 notio
1565 2653 1677 2688 futuri
1695 2654 1784 2689 tem-

232 2697 326 2741 pmis
351 2696 649 2790 qpaedgtpgniipgpt
655 2698 1194 2793 ἰιῖείῗεξςὶἷωῗξῗιῐῗξέὣῦἒχῗὶ*
1198 2702 1418 2784 *εΤὲιῈέιὲίιιε
1447 2748 1567 2784 dicere
1597 2747 1730 2793 debuit,
1755 2748 1786 2784 si
