2067 3311
894 124 1184 164 —48-

262 239 367 282 Cum
406 241 534 296 igitur
563 240 631 293 ,de
660 241 833 295 integro‘
865 241 943 283 hoc
975 253 1143 297 quoque
1167 240 1258 283 loco
1289 240 1399 283 idem
1430 239 1666 296 significare
1694 254 1816 297 posse

260 303 387 354 atque
418 300 579 353 ,denuo‘
611 301 757 355 negari
793 304 988 356 nequeat,
1018 304 1114 343 utut
1151 300 1203 342 de
1226 300 1354 342 altera
1378 300 1681 356 significatione
1704 301 1813 343 iudi-

260 371 348 412 cas,
385 372 519 400 unum
555 371 631 414 pro
668 359 899 401 certissimo
930 359 1169 401 habendum
1200 362 1263 401 est
1292 360 1465 401 minime
1495 359 1621 401 licere
1651 371 1706 401 ex
1736 359 1815 401 hoc

260 418 351 459 loco
394 419 627 460 necessario
671 418 921 461 concludere
956 419 1175 474 prologum
1213 418 1265 460 ad
1301 418 1572 473 posteriorem
1608 419 1814 460 actionem

259 478 477 531 pertinere.
539 475 621 518 Sed
653 477 782 518 altera
812 477 884 519 illa
914 476 1162 533 significatio
1194 476 1403 532 quomodo
1433 488 1479 518 se
1509 476 1670 530 habeat,
1700 477 1815 518 vide-

259 549 391 577 amus.
452 534 773 578 Ratiocinantur
809 540 949 579 autem
986 538 1024 579 ei
1062 537 1142 578 viri
1178 536 1354 590 docti,⁸¹)
1394 536 1469 591 qui
1504 536 1722 591 prologum
1761 535 1813 577 ad

259 595 529 649 posteriorem
560 596 766 636 actionem
798 599 985 649 spectare
1015 608 1070 637 ex
1100 596 1178 637 hoc
1208 596 1298 637 loco
1326 606 1523 650 apparere
1547 598 1707 649 putant,
1737 595 1812 637 ita:

261 653 354 707 „,de
374 655 549 708 integro‘
575 654 685 696 idem
711 667 801 696 esse
826 658 953 709 atque
975 667 1040 708 ,ex
1065 654 1240 709 integris
1254 653 1434 697 Graecis‘
1458 653 1499 696 h.
1512 665 1546 696 9.
1572 666 1627 696 ex
1651 665 1813 696 comoe-

260 714 339 754 diis
389 713 558 754 Graecis
601 726 738 767 neque
780 714 900 754 tactis
937 726 1075 768 neque
1111 715 1255 755 versis.
1337 713 1381 755 Si
1418 716 1559 755 autem
1594 712 1813 755 Terentius

258 771 463 813 eiusmodi
500 770 685 812 fabulam
724 771 885 826 primus
916 772 1105 825 verterit,
1141 772 1254 813 hanc
1283 770 1582 827 spectatoribus
1611 769 1813 813 Romanis

257 843 410 871 novam
442 843 544 873 esse.
612 829 687 884 ,De
712 831 886 885 integro‘
917 831 1047 884 igitur
1076 830 1187 872 idem
1219 843 1310 873 esse
1347 834 1472 886 atque
1508 831 1672 885 ,novas‘.
1733 829 1813 872 His

257 893 399 931 autem
436 888 574 930 verbis
611 900 742 931 novas
778 888 959 941 fabulas,
999 901 1104 944 quas
1141 900 1186 930 se
1221 889 1430 932 facturum
1469 901 1560 932 esse
1595 888 1812 931 Terentius

258 948 370 1001 dicit,
401 950 553 1003 opponi
585 948 771 990 Andriae
800 948 985 1001 fabulae,
1022 948 1135 990 unde
1165 948 1373 991 Andriam
1403 953 1494 991 tum
1524 949 1695 1002 iterum,
1727 961 1811 989 nou

256 1008 441 1062 primum
471 1007 537 1061 agi
569 1011 774 1063 appareat.
822 1005 939 1056 Quae
969 1008 1274 1061 argumentatio
1305 1008 1477 1049 minime
1500 1007 1715 1063 probanda
1739 1011 1812 1049 est.

257 1065 347 1121 Ego
373 1067 483 1108 enim
512 1066 668 1122 dubito,
693 1067 878 1122 possitne
902 1067 1074 1108 omnino
1100 1066 1163 1119 ,de
1174 1067 1349 1121 integro‘
1375 1079 1481 1120 eam,
1506 1079 1633 1122 quam
1649 1064 1811 1108 Donato

256 1129 425 1167 auctore
456 1125 573 1167 nullo
604 1125 797 1181 exemplo
828 1124 953 1167 allato
984 1124 1172 1180 Wagner
1202 1126 1244 1180 (l.
1276 1138 1307 1167 s.
1339 1126 1385 1177 s)
1416 1125 1575 1181 probat,
1606 1125 1812 1180 significa-

256 1185 415 1227 tionem
434 1184 598 1227 habere.
644 1183 757 1227 Dicit
777 1185 891 1227 enim
910 1184 1127 1227 Terentius
1153 1184 1215 1238 ,de
1236 1185 1421 1241 integro‘,
1445 1197 1529 1227 non
1553 1197 1619 1239 ,ex
1638 1185 1812 1240 integris

259 1244 450 1287 Graecis‘.
512 1244 593 1286 Sed
625 1245 679 1285 sit
714 1244 778 1298 ,de
803 1244 978 1298 integro‘
1014 1244 1094 1285 hoc
1124 1244 1215 1285 loco
1245 1244 1355 1285 idem
1387 1247 1513 1298 atque
1542 1257 1610 1298 ,ex
1639 1245 1813 1298 integris

259 1302 453 1356 Graecis‘,
495 1307 635 1345 tamen
678 1315 745 1357 ‚ex
788 1303 960 1358 integris
998 1301 1178 1345 Graecis·
1220 1303 1395 1345 minime
1432 1302 1543 1345 idem
1581 1306 1644 1345 est
1685 1305 1812 1358 atque

258 1375 400 1414 ‚novas
437 1362 694 1404 comoedias‘.
756 1361 860 1403 Eam
898 1364 1011 1403 enim
1049 1362 1181 1403 solam
1211 1361 1396 1403 fabulam
1428 1375 1583 1403 novam
1613 1362 1811 1416 appellari

257 1434 385 1477 supra
427 1420 679 1475 vidimus,³⁸)
723 1432 831 1476 quae
873 1433 956 1463 non
995 1420 1118 1463 modo
1157 1432 1212 1462 ex
1246 1419 1389 1463 fabula
1426 1419 1584 1463 Graeca
1625 1433 1650 1462 a
1692 1419 1811 1463 nullo

256 1485 379 1522 antea
403 1481 562 1521 comico
585 1479 732 1522 Latino
753 1493 954 1522 conversa
974 1493 1171 1534 expressa
1192 1483 1254 1522 est
1274 1481 1346 1533 (=
1369 1493 1422 1522 ex
1443 1481 1605 1535 integra
1626 1479 1811 1534 Graeca),

255 1539 329 1581 sed
361 1540 486 1581 etiam
516 1539 699 1595 primum
732 1539 843 1595 apud
875 1542 1124 1595 spectatores
1155 1538 1250 1580 data
1281 1542 1353 1581 est.
1408 1537 1471 1581 Ea
1500 1539 1629 1594 igitur
1657 1537 1812 1592 fabula,

255 1611 363 1652 quae
394 1610 449 1640 ex
479 1599 642 1652 integra
668 1597 827 1639 Graeca
857 1610 1058 1640 conversa
1089 1602 1162 1650 est,
1194 1598 1569 1653 quotienscumque
1599 1597 1810 1652 agebatur,

253 1657 365 1698 hanc
394 1660 536 1698 notam
568 1668 733 1711 semper
761 1656 976 1698 retinebat.
1040 1655 1132 1698 Hoc
1157 1669 1252 1697 cum
1284 1657 1343 1698 ita
1372 1657 1443 1710 sit,
1480 1657 1515 1698 si
1548 1656 1610 1709 ,de
1636 1656 1810 1710 integro‘

253 1716 363 1758 idem
396 1719 504 1758 esset
534 1719 660 1771 atque
691 1728 757 1769 ,ex
787 1716 960 1770 integris
990 1714 1165 1768 fabulis‘,
1195 1714 1412 1757 Terentius
1444 1715 1598 1757 diceret
1628 1727 1719 1757 eam
1750 1715 1809 1756 fa-

252 1774 396 1817 bulam
423 1774 636 1828 Graecam,
667 1786 721 1816 ex
747 1787 832 1830 qua
856 1774 1062 1816 Andriam
1087 1787 1207 1815 suam
1232 1773 1408 1828 fecisset,
1439 1774 1491 1816 ab
1516 1773 1598 1815 alio
1624 1774 1692 1816 vel
1716 1773 1809 1815 aliis

254 1835 423 1876 comicis
446 1833 604 1876 Latinis
630 1837 752 1875 antea
777 1846 1022 1875 conversam
1048 1845 1150 1887 esse,
1182 1845 1227 1875 se
1252 1836 1389 1875 autem
1416 1833 1593 1889 posteris
1614 1833 1810 1888 tempori-

254 1893 332 1935 bus
375 1906 445 1935 eas
480 1892 644 1934 fabulas
682 1892 861 1934 Graecas
898 1905 1195 1948 expressarum
1235 1905 1343 1947 esse,
1386 1905 1494 1948 quae
1530 1892 1718 1934 nondum
1757 1892 1809 1934 ad

253 1952 357 1993 illud
395 1956 560 2007 tempus
598 1951 650 1993 ab
682 1952 768 1993 ullo
800 1952 958 1993 comico
991 1950 1140 1993 Latino
1171 1963 1397 1993 conversae
1427 1952 1633 2005 essent.⁸⁴)
1693 1950 1809 1992 Haec

253 2068 350 2114 legas
384 2069 476 2113 apud
500 2068 723 2103 Naudetum:
758 2067 873 2103 Plauti
907 2077 995 2103 com.
1023 2068 1077 2102 ed.
1103 2066 1247 2102 Parisiis
1275 2067 1365 2103 1832
1390 2067 1458 2102 vol.
1484 2067 1540 2103 III
1564 2078 1597 2112 p.
1627 2067 1680 2102 10.
1729 2067 1809 2102 Huc

254 2116 485 2150 referendum
516 2116 572 2150 est
605 2115 724 2159 ,etiam
761 2116 911 2159 quoque‘
947 2115 1007 2160 (cf.
1034 2114 1163 2149 Haudii
1187 2113 1414 2149 Tursellinus.
1440 2114 1534 2159 Lips.
1563 2113 1654 2150 1832
1678 2113 1746 2150 vol.
1772 2114 1809 2149 II

254 2174 287 2206 p.
315 2163 382 2197 557
409 2164 489 2206 sq.),
515 2172 651 2206 ‚rursus
675 2162 803 2196 denuo*
838 2162 899 2207 (cf.
925 2161 1103 2196 Handium
1129 2161 1165 2195 II
1189 2172 1223 2205 p.
1251 2161 1331 2204 279,
1358 2161 1418 2206 qui
1443 2161 1592 2206 egregie⁴
1609 2161 1694 2196 dicit
1718 2161 1809 2197 hanc

254 2219 333 2244 esse
359 2208 610 2244 abundantiam
635 2207 818 2243 familiaris
849 2208 1054 2251 sermonis),
1091 2208 1230 2251 ,deinde
1265 2209 1353 2243 tum‘
1378 2208 1439 2251 (cf.
1464 2208 1579 2243 Hand.
1606 2208 1643 2243 II
1667 2219 1700 2253 p.
1728 2208 1808 2251 242,

253 2256 313 2302 qui
338 2256 405 2291 hoc
429 2255 505 2291 loco
530 2265 591 2291 eos
613 2254 708 2290 locos
725 2254 875 2300 collegit,
902 2254 1028 2300 quibus
1053 2254 1203 2298 ,deinde‘
1229 2255 1453 2300 coniungitur
1468 2266 1549 2291 cum
1574 2255 1692 2291 verbis
1709 2256 1808 2300 ,tum,
1884 2273 1890 2277 ·

253 2305 350 2347 Μ’
374 2302 1434 2394 3ῗὸἓέηηῖἓὲψέΐῖοέωὲχῇἯῖἑωωο’νῧῖςὲξῗῗωὲωέ
1460 2302 1642 2395 ἶθὶῒῗῗᾶ
1663 2303 1807 2385 igitur}

252 2397 407 2432 Karsten
432 2396 455 2431 l.
481 2396 503 2431 l.
529 2407 562 2441 p.
590 2395 670 2431 220.

373 2443 415 2487 ⁸³)
441 2444 488 2479 cs.
514 2453 622 2489 supra
645 2453 678 2488 p.
704 2442 728 2478 8
752 2443 830 2477 adn.
859 2443 913 2478 13.

373 2491 414 2534 ³¹)
440 2491 542 2526 Hanc
566 2490 895 2534 interpretationem
912 2489 1065 2525 Nencini
1090 2489 1126 2536 (l.
1145 2501 1172 2526 s.
1191 2501 1218 2526 s.
1238 2502 1270 2535 p.
1287 2490 1333 2526 22
1351 2491 1418 2536 sq.)
1442 2490 1612 2527 defendit.
1662 2490 1809 2527 Putabat

251 2539 347 2574 enim
381 2538 587 2574 Terentium
628 2537 776 2572 eandem
815 2536 970 2573 fabulam
1004 2537 1173 2573 Graecam
1208 2538 1400 2582 ,Andriam‘
1436 2538 1666 2582 convertisse,
1703 2548 1807 2582 quam

250 2587 356 2622 antea
380 2584 554 2622 Caecilius
578 2584 613 2619 in
640 2594 706 2619 sua
730 2584 862 2619 Andria
885 2585 1128 2621 convertisset.
1177 2585 1246 2621 Sed
1271 2585 1425 2631 primum
1448 2585 1494 2621 de
1519 2584 1650 2622 Caecili
1675 2585 1809 2620 Andria

250 2644 271 2670 a
295 2634 382 2669 viris
405 2633 531 2677 doctis,
566 2631 741 2677 imprimis
766 2642 787 2667 a
809 2631 1001 2668 Ritschelio
1038 2633 1194 2679 (Parerg.
1220 2633 1238 2668 I
1264 2644 1296 2678 p.
1325 2633 1392 2669 133
1418 2633 1497 2668 adn.
1527 2653 1568 2658 —
1595 2632 1641 2668 cf.
1668 2642 1806 2678 quoque

249 2681 425 2716 Ribbeck:
460 2679 591 2717 Comic.
617 2679 717 2714 Rom.
750 2679 878 2725 frgta.⁸
901 2691 934 2724 p.
961 2681 1020 2724 41)
1055 2680 1156 2715 valde
1181 2680 1376 2725 dubitatum
1410 2681 1538 2716 deinde
1570 2681 1626 2724 ‚de
1645 2679 1806 2726 integro‘,

250 2729 278 2763 si
304 2729 398 2762 idem
426 2730 482 2763 est
506 2729 618 2771 atquev
638 2737 693 2769 ,ex
721 2727 860 2771 integra
883 2727 1039 2771 Graeca‘,
1066 2730 1329 2772 spectator-esne
1348 2728 1430 2772 quid
1455 2728 1641 2762 Terentius
1665 2726 1806 2771 dixerit,
