2067 3311
894 164 1186 206 ...36-

374 283 408 326 I.
439 283 680 326 Terentium
703 286 869 338 poetam
893 283 1080 326 modeste
1104 287 1231 338 atque
1256 283 1434 325 demisse
1457 283 1500 324 in
1528 281 1817 338 Adelphorum

256 343 428 398 prologo
470 343 588 398 loqui
632 343 709 384 viri
755 342 918 395 docti⁷⁷)
959 343 1174 396 dixerunt,
1217 342 1488 397 quamobrem
1526 341 1705 397 Adelphi
1743 343 1817 383 aut

256 403 428 444 omnino
464 402 509 443 in
546 402 693 457 primis
729 401 884 444 fabulis
922 406 1031 445 esset
1066 406 1139 445 aut
1174 402 1375 444 continuo
1405 405 1500 458 post
1528 400 1722 455 Hecyrae
1752 413 1816 443 se-

256 461 437 502 cundam
470 462 677 503 actionem
708 467 810 503 acta.
856 462 916 503 At
945 461 1101 503 talibus
1128 461 1386 516 argumentis
1410 460 1516 501 nihil
1540 460 1816 502 demonstrari

254 532 377 575 posse
401 532 457 561 ex
492 520 564 574 eis,
596 532 705 576 quae
735 532 863 576 supra
892 522 945 575 (p.
960 521 1017 561 23
1031 521 1108 575 sq.)
1140 520 1329 576 exposui,
1359 522 1539 575 apparet.
1586 517 1680 560 Viri
1705 518 1815 560 docti

255 579 368 620 enim
411 579 475 632 id,
519 580 631 634 quod
670 580 850 633 quisque
888 579 1041 633 voluit,
1083 579 1164 621 sibi
1200 579 1429 634 sumpsisse
1464 578 1567 619 mihi
1606 577 1816 619 videntur.

256 637 479 679 Praeterea
510 637 693 691 Fabia⁷⁸)
724 637 953 679 rectissime
984 637 1085 679 dicit
1110 638 1222 679 hunc
1245 637 1465 693 prologum
1490 650 1515 678 a
1539 637 1687 678 ceteris
1712 632 1815 694 (He-

256 709 381 750 cyrae
412 696 577 739 duobus
607 696 791 751 prologis
821 696 1025 751 exceptis)
1057 708 1105 738 eo
1131 700 1295 739 tantum
1321 695 1497 749 differre,
1528 695 1640 751 quod
1664 694 1815 737 Teren-

255 756 341 796 tius
366 755 417 796 ab
443 755 693 797 adversariis
716 754 937 796 lacessitus
958 766 1003 796 se
1025 755 1220 807 defendit,
1245 768 1330 797 non
1352 756 1395 796 in
1417 755 1511 796 illos
1531 754 1814 808 invehitur.‘¹⁹)

257 812 350 854 Hoc
375 817 550 869 excepto
569 812 789 855 Terentius
815 813 893 855 hoc
917 813 960 853 in
987 814 1160 868 prologo
1185 813 1443 856 confidenter
1466 809 1595 868 atque
1618 813 1816 854 audacter

254 872 372 927 loqui
408 873 512 914 mihi
548 872 726 914 videtur.
730 873 779 926 ⁸⁰)
842 871 1034 913 Primum
1070 872 1182 914 enim
1212 871 1431 915 Terentius
1467 885 1552 914 non
1590 874 1816 927 exspectat,

255 931 358 972 dum
389 932 617 973 adversarii
642 931 722 973 sibi
748 933 901 973 iterum
925 931 1085 973 furtum
1110 931 1375 999 exprobrent,
1405 932 1478 973 sed
1503 943 1549 973 se
1574 943 1630 973 ex
1654 929 1814 987 Diphili

256 989 636 1033 Commorientibus
672 1003 866 1033 scaenam
905 990 1118 1046 quandam
1152 992 1382 1047 sumpsisse
1411 990 1523 1033 ultro
1554 990 1655 1032 dicit
1684 991 1813 1046 respi-

254 1051 370 1092 ciens
400 1063 461 1103 ea,
493 1063 602 1105 quae
632 1054 728 1092 ante
759 1049 955 1092 Eunuchi
988 1050 1195 1093 actionem
1225 1053 1461 1093 evenerant.
1508 1045 1602 1092 Hoc
1631 1049 1813 1117 audacis,

254 1121 336 1150 non
370 1109 545 1150 modesti
577 1113 723 1164 poetae
755 1121 846 1150 esse
875 1113 989 1164 puto.
1051 1107 1213 1150 Deinde
1243 1109 1609 1162 criminationem,
1632 1121 1716 1164 qua
1746 1110 1813 1150 usi

254 1168 483 1210 adversarii
507 1167 749 1209 Terentium
779 1167 953 1210 adsidue
986 1166 1038 1209 ab
1070 1168 1215 1209 amicis
1246 1167 1427 1210 adlutari
1457 1166 1663 1220 dixerant,
1692 1171 1812 1223 poeta

253 1228 372 1268 reicit
413 1239 518 1280 non,
560 1231 608 1268 ut
649 1227 693 1267 in
737 1226 1203 1268 Heautontimorumeni
1239 1227 1429 1282 prologo,
1472 1226 1523 1267 ad
1561 1229 1812 1281 spectatores

253 1286 459 1328 iudicium
490 1286 699 1340 deferens,
738 1286 809 1328 sed
841 1299 967 1328 suum
999 1286 1076 1328 hac
1109 1286 1159 1328 de
1189 1298 1234 1328 re
1264 1285 1468 1328 iudicium
1498 1285 1729 1341 proferens,
1765 1289 1814 1328 ut

254 1345 378 1399 idem,
410 1346 522 1401 quod
554 1345 615 1387 illi
647 1345 726 1387 sibi
758 1346 860 1387 vitio
891 1345 1137 1398 tribuerint,
1159 1358 1203 1387 se
1228 1346 1368 1401 ipsum
1392 1346 1619 1387 maximam
1644 1344 1812 1386 laudem

256 1404 408 1445 ducere
444 1403 699 1459 profiteatur.
761 1402 955 1459 Denique
991 1405 1034 1445 in
1074 1418 1139 1444 vv.
1172 1405 1347 1446 22—23
1382 1404 1502 1459 quasi
1531 1416 1606 1459 per
1636 1404 1812 1446 ironiam

254 1463 422 1519 indicat,
462 1462 575 1519 quod
607 1463 830 1506 discrimen
862 1464 916 1505 sit
945 1463 1054 1505 inter
1085 1475 1212 1505 suum
1243 1466 1284 1505 et
1314 1462 1648 1505 adversariorum
1677 1474 1812 1518 genus

253 1523 524 1576 prologorum
545 1522 874 1571 scribendorum,
895 1523 1021 1564 simul
1043 1525 1084 1564 et
1106 1527 1250 1564 monet
1270 1522 1322 1564 de
1342 1521 1610 1566 Phormionis
1630 1522 1812 1577 prologo.

252 1580 319 1623 Ne
349 1581 427 1622 hoc
458 1581 629 1637 quidem
661 1595 685 1623 a
714 1584 836 1637 poeta
866 1581 1054 1623 modesto
1086 1582 1168 1623 dici
1192 1581 1295 1622 mihi
1320 1580 1497 1623 videtur.
1545 1578 1811 1636 Quamquam

254 1641 355 1694 quid
388 1654 494 1695 opus
525 1644 588 1682 est
619 1642 662 1681 in
694 1641 772 1682 hoc
802 1640 1097 1695 philosophari,
1128 1654 1226 1682 cum
1256 1641 1334 1682 hac
1365 1640 1416 1682 de
1446 1652 1491 1683 re
1516 1639 1679 1682 diverse
1702 1640 1811 1682 iudi-

253 1700 338 1740 cari
369 1711 490 1753 posse
522 1700 631 1740 inter
661 1711 806 1741 omnes
837 1699 1027 1740 constet?
1078 1698 1369 1741 Demonstravi
1399 1700 1512 1740 enim
1538 1699 1651 1740 hunc
1673 1699 1810 1754 prolo-

250 1772 354 1812 gum
391 1757 511 1800 aliter
547 1770 717 1814 quoque
754 1761 880 1814 atque
916 1758 978 1800 illi
1019 1759 1096 1800 viri
1135 1757 1246 1800 docti
1282 1757 1449 1812 volunt,
1485 1758 1640 1814 percipi
1677 1770 1810 1814 posse.

252 1816 346 1858 Hoc
377 1821 517 1859 autem
549 1819 650 1859 satis
682 1822 744 1859 est
774 1819 826 1859 ad
858 1830 1003 1859 eorum
1034 1822 1328 1872 argumentum
1357 1817 1669 1859 infirmandum.

369 1875 423 1918 ΙΙ.
456 1876 650 1919 Altenun
687 1881 995 1931 argumentum,
1033 1889 1117 1932 quo
1148 1880 1196 1919 ut
1229 1876 1443 1932 Adelphos
1473 1879 1570 1918 ante
1600 1875 1810 1930 Hecyram

251 1935 325 1990 (11)
362 1939 497 1977 actam
534 1948 624 1977 esse
661 1936 935 1989 demonstret,
977 1935 1336 1978 Paeckelmannus
1372 1936 1415 1988 (1.
1448 1949 1480 1977 s.
1511 1949 1542 1977 s.
1574 1949 1611 1990 p.
1645 1936 1698 1977 31
1731 1933 1807 1993 sq.)

250 1995 402 2048 utitur,
446 1999 508 2036 est
551 1995 648 2036 hoc:
695 2007 859 2049 „nonne
896 2007 1014 2036 mens
1052 2008 1154 2036 sana
1189 1993 1429 2036 Terentium
1468 1995 1590 2036 iussit
1625 1995 1809 2050 primum

250 2052 404 2106 fabula,
435 2067 562 2108 quam
593 2054 776 2109 populus
807 2058 881 2095 aut
910 2055 995 2095 iam
1025 2053 1273 2109 probaverat
1303 2059 1377 2095 aut
1408 2067 1536 2109 quam
1559 2066 1660 2096 sane
1684 2053 1736 2095 ab
1762 2066 1810 2096 eo

251 2112 471 2167 probatum
506 2113 558 2154 iri
589 2125 755 2168 sperare
784 2117 959 2168 poterat,
990 2115 1267 2168 spectatorum
1295 2113 1457 2154 animos
1483 2112 1564 2154 sibi
1587 2112 1811 2154 conciliare

252 2177 294 2213 et
329 2176 473 2226 postea
510 2171 696 2213 fabulam
733 2173 923 2227 quinque
962 2172 1083 2213 annis
1120 2176 1217 2213 ante
1250 2184 1331 2213 non
1363 2175 1572 2227 peractam
1604 2170 1809 2214 referre?“

252 2228 390 2284 Certe,
426 2229 548 2272 nob1s
584 2231 663 2273 hoc
702 2230 1054 2272 verisimillimum
1091 2243 1182 2272 esse
1214 2231 1396 2284 videtur,
1432 2231 1505 2272 sed
1535 2229 1810 2273 Terentiusne
1838 2264 1841 2266 .

251 2290 397 2332 eodem
433 2290 558 2332 modo
595 2291 725 2345 egerit
761 2296 834 2332 aut
872 2291 1054 2344 omnino,
1092 2302 1176 2345 quo
1208 2294 1296 2332 erat
1326 2291 1454 2332 animi
1486 2289 1650 2346 habitu,
1687 2302 1808 2346 agere

371 2394 410 2438 ⁷⁷)
436 2393 638 2430 Wilmanns
662 2394 684 2430 l.
709 2405 736 2430 s.
762 2405 789 2430 s.
814 2406 846 2440 p.
872 2394 918 2431 50
943 2405 994 2440 sq.
1023 2414 1065 2420 —
1092 2394 1352 2431 Paeckelmann
1375 2394 1398 2429 l.
1424 2405 1452 2430 s.
1478 2405 1506 2430 s.
1532 2406 1565 2440 p.
1590 2395 1637 2431 29
1660 2405 1736 2440 sqq.
1763 2415 1808 2421 —

250 2441 415 2476 Dziatzko
445 2441 483 2476 in
515 2441 605 2477 Mus.
637 2442 752 2477 Rhen.
778 2453 858 2477 nov.
884 2442 979 2478 XXI
1006 2453 1039 2488 p.
1067 2442 1112 2478 79
1136 2443 1173 2477 et
1195 2443 1232 2477 in
1261 2441 1404 2478 Phorm.
1432 2441 1534 2477 edit.'
1557 2442 1678 2488 (1885)
1703 2453 1737 2488 p.
1766 2442 1808 2477 12

249 2500 282 2523 n.
310 2490 341 2523 3.
370 2508 413 2513 —
439 2488 602 2534 Wagner
625 2489 662 2523 in
688 2489 802 2524 annal.
829 2489 946 2535 philol.
972 2499 1053 2524 nov.
1078 2489 1164 2525 XCI
1189 2489 1312 2534 (1865)
1337 2500 1370 2534 p.
1396 2488 1477 2525 290.

370 2536 676 2582 ⁷)l...ssp49.
704 2537 822 2572 —cf.
848 2536 1001 2572 Hauler:
1026 2536 1169 2572 Phorm.
1196 2535 1332 2591 ed..⁸p
1352 2537 1448 2572 1711.
1469 2537 1499 2571 1.

369 2584 409 2628 79)
435 2585 480 2619 ef.
506 2584 704 2629 Wagnerl.
723 2594 751 2619 s.
770 2595 797 2619 s.
820 2605 860 2610 —
878 2584 960 2619 Ita
950 2595 1021 2620 iam
1038 2584 1223 2620 Donatus
1213 2595 1251 2619 m
1269 2583 1419 2630 Adelph.
1437 2584 1549 2630 praef.
1569 2584 1631 2629 (cf.
1649 2583 1807 2620 Reiffer-

248 2630 394 2665 scheidii
425 2631 507 2666 edit.
539 2630 670 2666 Donati
702 2631 813 2676 praef.
847 2630 1001 2685 [libellus
1025 2631 1182 2666 univers.
1213 2630 1403 2666 Vratislav.
1431 2631 1576 2677 187516]
1608 2642 1641 2676 p.
1666 2633 1685 2666 7
1710 2631 1807 2676 1.6):

249 2677 315 2721 .‚In
339 2677 405 2712 hac
437 2677 599 2723 prologus
630 2677 675 2713 ali
677 2680 808 2723 quanto
837 2677 953 2713 lenior
981 2677 1176 2714 inducitur:
1208 2677 1320 2723 magis
1350 2678 1457 2713 etiam
1488 2678 1526 2713 in
1550 2688 1590 2713 se
1615 2679 1807 2724 purgando,

248 2718 351 2768 quam
377 2724 415 2758 in
439 2724 651 2760 adversariis
674 2689 856 2760 laedendis
882 2726 938 2760 est
961 2726 1186 2770 occupatus.“

366 2770 408 2814 89)
434 2771 479 2806 cf
507 2771 704 2807 Karstenus
728 2771 750 2806 l.
770 2782 796 2807 s.
815 2782 842 2806 s.
861 2781 895 2817 p.
912 2770 983 2807 208
1000 2782 1050 2816 sq.
