2067 3311
845 91 1140 133 ..47-

219 213 315 255 citia
344 213 556 256 coniuncti
587 213 717 262 erant,
746 210 970 264 gloriatum
1001 221 1103 251 esse.
1154 208 1264 250 Nihil
1290 209 1420 263 igitur
1442 208 1624 250 inveniri
1647 220 1769 263 posse

218 271 428 325 videmus,
471 282 555 325 quo
593 281 667 310 eae
703 267 985 322 difficultates,
1028 280 1136 323 quae
1170 269 1207 309 si
1242 267 1464 323 prologum
1499 267 1553 308 ad
1591 268 1767 322 primam

218 330 405 372 Andriae
435 326 640 370 actionem
668 327 899 381 referimus,
930 326 1052 369 valde
1074 339 1152 368 nos
1176 326 1405 380 offendunt,
1435 325 1636 381 explicari
1660 325 1769 367 tolli-

218 401 301 445 que
335 388 506 444 possint.
574 385 691 435 Quae
727 399 824 428 cum
860 387 919 428 ita
954 386 1056 439 sint,
1093 385 1228 427 facere
1264 398 1347 428 non
1385 397 1626 441 possumus,
1664 385 1768 439 quin

217 447 437 504 prologum
468 446 521 487 ad
550 446 821 501 posteriorem
850 445 1055 488 actionem
1085 444 1322 487 referamus.

336 506 374 547 5.
413 504 627 546 Postremo
662 503 854 546 versibus
890 504 1017 545 huius
1052 504 1213 559 prologi
1249 504 1408 545 ultimis
1446 504 1525 545 viri
1559 504 1667 545 docti
1701 504 1766 544 usi

217 569 316 607 sunt
346 566 400 617 (v.
425 564 483 605 24
512 564 636 619 sqq.:)

430 621 619 677 „Favete,
650 622 791 664 adeste
821 634 955 678 aequo
985 623 1125 664 animo
1156 625 1197 664 et
1226 635 1316 664 rem
1346 622 1594 676 cognoscite,

431 680 490 723 Ut
518 682 785 737 pernoscatis,
815 681 965 737 ecquid
995 682 1085 737 spei
1114 682 1169 723 sit
1197 681 1412 734 relicuom,

429 739 608 782 Posthac
638 753 743 796 quas
772 740 895 783 faciet
924 741 976 783 de
1005 741 1168 795 integro
1197 739 1445 793 comoedias,

430 799 688 854 Spectandae
717 813 772 842 an
802 799 1034 855 exigendae
1063 800 1150 841 sint
1178 798 1298 841 vobis
1326 799 1478 854 prius‘.
1484 800 1532 850 ²⁸)

335 857 387 899 In
423 857 578 914 quibus
615 858 721 901 duos
756 858 870 900 locos
899 861 1148 912 tractarunt;
1185 870 1338 911 unum,
1375 870 1459 913 quo
1490 858 1660 912 legitur.
1694 849 1769 909 ‚,de

218 918 422 971 integro“;
461 918 612 960 deinde
646 931 836 961 versum:
879 917 1150 973 „spectandae
1185 931 1238 959 an
1276 917 1507 972 exigendae
1536 918 1621 959 sint
1650 916 1769 959 vobis

244 977 368 1019 rius.“

217 989 244 1031 p
337 1035 527 1077 Primum
550 1036 690 1090 igitur,
722 1036 824 1091 quid
848 1035 929 1077 sibi
952 1036 1054 1078 velit
1078 1036 1154 1089 „de
1177 1036 1375 1089 integro“,
1407 1036 1632 1090 quaeritur.
1678 1035 1770 1077 Iam

219 1092 409 1137 Donatus
421 1098 557 1151 rogat:
581 1097 747 1149 „utrum
768 1094 905 1138 denuo
919 1107 972 1137 an
993 1106 1049 1138 ex
1061 1094 1235 1151 integris
1256 1092 1426 1137 Graecis
1434 1093 1547 1149 ?“.¹⁹)
1581 1093 1769 1150 Utraque

217 1155 501 1209 interpretatio
538 1156 690 1196 iterum
726 1156 964 1209 iterumque
1000 1168 1025 1196 a
1057 1155 1156 1196 viris
1193 1154 1325 1196 doctis
1358 1153 1517 1209 prolata
1546 1159 1620 1196 est.
1678 1153 1769 1196 Tali

217 1212 340 1254 modo
383 1217 524 1255 autem
560 1214 857 1256 controversia
880 1226 964 1256 non
1004 1213 1176 1255 tollitur.
1226 1211 1522 1262 Quaerendum
1552 1214 1666 1255 enim
1695 1216 1769 1265 est,

217 1276 361 1314 utrum
386 1285 472 1314 vox
502 1272 575 1314 illa
604 1274 712 1315 hanc
742 1276 964 1328 utramque
988 1273 1076 1314 vim
1099 1272 1252 1315 habere
1275 1273 1448 1314 omnino
1471 1273 1602 1328 possit
1624 1285 1767 1314 necne.

219 1329 343 1372 Prius
373 1332 409 1372 si
439 1332 676 1384 statuimus,
706 1332 775 1373 hic
804 1331 936 1385 locus,
966 1332 1120 1387 quippe
1151 1344 1235 1386 quo
1263 1334 1443 1386 utraque
1465 1331 1605 1372 fulciri
1626 1332 1772 1386 possit,

218 1390 388 1431 omnino
414 1390 526 1432 hac
513 1403 557 1431 ιιι
584 1391 828 1445 quaestione
852 1390 1120 1432 diiudicanda
1144 1390 1399 1432 omittendus
1416 1394 1489 1432 est.
1532 1389 1607 1432 Sin
1628 1393 1768 1432 autem

217 1448 395 1489 alterum
425 1450 668 1502 statuimus,
710 1461 759 1491 eo
791 1450 904 1504 quod
934 1461 1080 1491 vocem
1110 1443 1226 1490 illam
1256 1452 1421 1490 tantum
1452 1461 1578 1490 unam
1611 1448 1769 1503 signifi-

217 1507 421 1550 cationem
459 1506 611 1550 habere
647 1520 768 1564 posse
803 1508 1013 1562 videmus,
1050 1508 1332 1550 controversia
1369 1508 1539 1550 omnino
1575 1519 1660 1549 non
1694 1512 1767 1550 est.

334 1565 410 1620 ,De
433 1569 608 1622 integro‘
632 1580 831 1623 persaepe
855 1568 966 1609 idem
990 1580 1082 1609 esse
1105 1572 1233 1622 atque
1263 1567 1448 1619 „denuo“
1479 1568 1522 1608 in
1547 1568 1767 1622 propatulo

217 1628 279 1666 est
309 1637 447 1680 neque
477 1626 568 1667 eius
599 1638 702 1668 usus
733 1638 839 1681 opus
868 1628 948 1668 erit
977 1625 1124 1668 afferre
1153 1626 1354 1680 exempla.
1360 1626 1411 1678 ⁸⁰)
1457 1624 1624 1667 Dixerit
1653 1627 1767 1681 quis—

216 1684 326 1737 piam
353 1685 461 1725 hanc
484 1684 830 1738 significationem
855 1685 907 1726 ab
932 1685 1012 1726 hoc
1034 1685 1126 1726 loco
1146 1685 1326 1726 alienam
1346 1697 1448 1735 esse,
1472 1698 1570 1726 cum
1593 1685 1767 1726 verbum

217 1741 409 1795 ,posthac‘
447 1742 559 1796 quod
596 1742 742 1784 eodem
779 1755 903 1784 versu
940 1742 1111 1797 legitur,
1146 1743 1269 1797 plane
1306 1743 1482 1784 eandem
1517 1744 1605 1783 vim
1641 1746 1768 1798 atque

216 1799 322 1842 illud
365 1801 427 1854 ,de
463 1802 636 1855 integro‘
678 1801 883 1856 praebeat
943 1800 1093 1856 Neque
1123 1814 1222 1843 vero
1254 1802 1354 1843 haec
1395 1795 1647 1858 ταίτολογία
1690 1802 1769 1844 hoc

215 1858 307 1900 loco
343 1859 522 1900 multum
563 1859 690 1913 valet,
725 1872 823 1901 cum
855 1860 1035 1901 alterum
1064 1860 1117 1901 ad
1148 1861 1396 1901 sententiam
1426 1861 1767 1914 interrogativum

216 1916 429 1972 („posthac
464 1918 711 1973 spectandae
741 1932 794 1960 an
827 1919 1057 1974 exigendae
1087 1920 1223 1973 sinff‘),
1260 1919 1435 1960 alterum
1468 1919 1521 1960 ad
1551 1920 1767 1961 relativam

215 1976 361 2031 („quas
400 1977 452 2018 de
485 1979 647 2032 integro
676 1976 800 2019 faciet
829 1978 1103 2031 comoedias“)
1134 1977 1395 2019 referendum
1428 1979 1492 2019 sit.
1551 1977 1769 2020 Praeterea

215 2047 300 2077 non
338 2035 490 2078 desunt
525 2036 624 2090 loci,
662 2036 817 2091 quibus
846 2035 1025 2079 Romani
1060 2037 1171 2079 idem
1202 2037 1400 2092 temporis
1431 2042 1691 2087 momentum
1721 2042 1769 2079 ut

217 2106 344 2148 quam
371 2095 681 2137 accuratissime
703 2094 847 2150 figant,
876 2095 1042 2138 duabus
1066 2095 1253 2138 eiusde-m
1277 2095 1363 2137 fere
1388 2096 1570 2137 notionis
1597 2095 1769 2138 vocibus

216 2151 465 2207 significant,
492 2153 534 2195 id
560 2154 672 2209 quod
698 2155 902 2196 sermonis
926 2154 1123 2196 cotidiani
1147 2154 1361 2209 proprium
1381 2154 1512 2195 fuisse
1534 2153 1767 2211 videtur.⁸¹)

335 2269 377 2314 ³⁸)
402 2268 515 2313 Quam
539 2269 698 2305 diversas
728 2270 1007 2315 significationes
1040 2270 1096 2305 his
1132 2270 1265 2305 eisdem
1302 2269 1421 2304 verbis
1457 2270 1525 2304 viri
1548 2271 1642 2305 docti
1667 2271 1766 2305 attri-

216 2315 367 2360 buerint,
381 2317 421 2352 ut
433 2326 531 2352 suam
550 2316 698 2362 quisque
715 2316 929 2352 sententiam
945 2316 1100 2358 fulciret,
1113 2317 1314 2361 expositum
1326 2317 1382 2351 est
1393 2327 1502 2360 supra
1515 2327 1548 2361 p.
1563 2317 1610 2351 24
1621 2317 1700 2352 adn.
1709 2318 1765 2352 50.

335 2363 377 2408 ²⁹)
402 2363 458 2400 Ab
489 2364 557 2400 hac
589 2363 768 2400 sententia
790 2363 894 2409 plane
928 2364 1013 2400 sunt
1046 2363 1198 2408 diversa,
1234 2374 1323 2410 quae
1357 2363 1579 2410 Eugraphius
1612 2364 1766 2408 adnotat,

214 2421 376 2455 quaeque
410 2412 504 2446 idem
535 2411 737 2456 significare
772 2412 877 2455 atque
911 2411 1038 2446 Donati
1073 2411 1402 2455 interpretationem
1435 2413 1473 2446 et
1498 2411 1698 2456 Wagnerus
1731 2415 1768 2447 et

214 2456 517 2493 Paeckelmannus
540 2457 700 2503 putavit:
737 2457 955 2503 „deintegm
980 2467 1062 2492 cum
1085 2468 1193 2493 unam
1217 2458 1388 2493 Graecam
1412 2458 1451 2493 in
1474 2468 1581 2494 unam
1606 2458 1768 2494 Latinam

214 2504 476 2549 transtuler1t“;
507 2506 609 2550 putat
630 2505 738 2551 igitur
760 2504 900 2551 Eugrap
901 2504 982 2540 hius
1006 2504 1211 2550 ,deintegro‘
1237 2515 1351 2549 esse,
1353 2516 1436 2550 n,on
1461 2506 1767 2542 contammatam“.

335 2551 377 2593 ⁸⁰)
402 2552 449 2587 cf.
466 2551 719 2587 Drakenborch
734 2553 802 2596 (ap.
816 2552 978 2586 Grauert.
992 2551 1015 2586 1.
1026 2551 1086 2596 lp
1089 2553 1172 2595 .15)
1191 2554 1229 2587 et
1240 2552 1534 2588 Paeckelmannl.
1547 2553 1766 2597 l.1).20sqq.

335 2597 377 2642 ¹³¹)
402 2597 537 2634 Similia
560 2597 724 2644 exempla
747 2599 831 2633 sunt
854 2597 977 2633 multa.
1026 2563 1086 2634 cfp
1100 2598 1247 2635 Casinae
1272 2598 1359 2644 prol.
1385 2609 1419 2634 V.
1446 2599 1508 2635 33.
1534 2599 1672 2644 „postid
1688 2609 1768 2635 rur-

215 2655 293 2680 sum
309 2646 434 2688 ,denuo
459 2646 584 2681 Latine
609 2645 755 2684 Plautus
781 2656 859 2680 cum
885 2645 1029 2681 latranti
1063 2646 1246 2690 nomine“3
1283 2647 1391 2682 Poen.
1417 2646 1502 2691 prol.
1530 2658 1562 2682 v.
1590 2648 1652 2682 79:
1687 2658 1766 2692 „re-

215 2693 335 2724 vertor
358 2702 482 2725 rursus
506 2693 622 2725 denuo
641 2692 922 2735 Carthaginem&
949 2693 990 2725 ad
1017 2703 1122 2735 quem
1148 2693 1261 2727 locum
1284 2694 1365 2736 quid
1384 2693 1609 2727 Casaubonus
1625 2694 1766 2736 dixerit,
