2067 3311
879 173 927 188 τ-
993 147 1166 191 21—-

362 263 525 307 'l'erenti
569 265 699 321 igitur
735 265 962 306 adversarii
998 263 1193 305 malevoli
1231 265 1309 305 soli
1347 263 1726 319 reprehendebant,
1767 265 1803 303 si

247 324 342 379 quis
383 327 503 380 poeta
540 323 713 366 Latinus
754 323 940 366 fabulam
978 322 1179 365 Graecam
1216 323 1268 365 ab
1305 323 1398 366 aliis
1434 324 1520 366 iam
1557 335 1802 366 conversam

247 383 384 425 denuo
408 382 675 425 convertebat
698 386 772 423 aut
794 384 933 437 partes
958 381 1160 436 quasdam
1185 394 1240 423 ex
1260 383 1435 423 aliorum
1451 381 1606 423 fabulis
1620 381 1802 437 palliatis

246 441 478 485 sumebant.
524 441 617 484 Hoc
647 454 744 483 cum
775 442 833 482 ita
864 440 928 489 sit,
960 437 1163 483 Afranius
1193 441 1364 482 omnino
1395 453 1480 482 non
1505 439 1695 495 habebat,
1726 453 1803 482 cur

246 513 291 543 se
315 500 520 543 nonnulla
544 500 749 554 quaedam
775 511 859 540 non
887 499 1010 539 modo
1034 512 1059 539 a
1084 498 1328 551 Menandro,
1358 500 1428 540 sed
1455 501 1579 541 etiam
1603 513 1629 541 a
1652 498 1801 541 Latino

247 560 475 615 sumpsisse
505 561 686 613 negaret.
747 556 859 599 Dicit
889 557 1000 599 enim
1032 558 1077 599 in
1109 555 1404 613 Compitalium
1433 558 1683 613 prologoz⁴²)

459 617 643 671 „Fateor,
673 617 835 670 sumpsi
865 628 950 657 non
982 616 1033 657 ab
1065 617 1137 658 illo
1168 615 1273 670 (scil.
1306 615 1553 670 Menandro)
1584 617 1720 668 modo,

457 674 539 717 Sed
570 678 618 715 ut
648 675 828 728 quisque
857 673 1016 727 habuit,
1046 675 1289 716 conveniret
1321 675 1434 729 quod
1464 675 1581 727 mihi,

458 732 579 782 Quod
610 745 678 775 me
710 745 792 774 non
824 744 945 787 posse
975 733 1126 775 melius
1156 732 1293 775 facere
1323 733 1492 787 credidi,

457 790 595 832 Etiam
627 803 652 831 a
682 789 923 843 Latino“.⁴⁸)

365 894 431 931 lv.
458 894 522 932 De
548 894 747 932 oratione
771 893 891 932 tenui
918 896 961 932 et
984 894 1200 942 scriptura
1225 894 1321 932 levi.

364 953 559 1010 Denique
591 953 768 996 Luscius
797 953 988 996 Terentio
1019 955 1184 997 crimini
1215 955 1338 1004 dedit,
1371 954 1483 1010 quod
1514 954 1605 996 eius
1635 954 1802 996 fabulae

247 1015 364 1055 tenui
394 1022 534 1055 essent
565 1015 751 1055 oratione
782 1018 823 1054 et
852 1015 1057 1068 scriptura
1082 1014 1176 1055 levi.
1223 1014 1316 1055 Hoc
1340 1016 1498 1055 crimen
1525 1027 1610 1067 quo
1635 1017 1802 1068 spectet,

246 1071 374 1116 Fabia
418 1071 459 1127 (l.
492 1084 523 1113 s.
555 1084 585 1114 s.
617 1085 655 1127 p.
694 1070 886 1127 252s261
927 1077 967 1113 et
1004 1085 1041 1127 p.
1080 1072 1164 1114 287
1203 1073 1281 1127 sq.)
1316 1075 1427 1114 recte
1464 1072 1647 1127 exponit.
1708 1071 1801 1113 Hac

247 1131 300 1173 de
324 1131 636 1172 insimulatione
668 1144 763 1172 cum
788 1130 1005 1172 Terentius
1026 1131 1115 1173 solo
1135 1132 1180 1172 in
1202 1130 1468 1173 Phormionis
1487 1131 1659 1186 prologo
1680 1131 1802 1184 dicat,

245 1189 337 1232 fieri
362 1202 447 1232 non
471 1193 618 1245 potest,
643 1193 691 1231 ut
714 1190 812 1232 inde
833 1190 1059 1245 quicquam
1081 1189 1133 1232 de
1153 1190 1299 1232 ordine
1319 1189 1556 1232 fabularum
1577 1189 1800 1234 lucremur.

365 1284 649 1326 Conclusio:
682 1283 761 1325 His
792 1296 847 1326 ex
877 1284 1145 1339 prologorum
1176 1285 1290 1337 locis,
1321 1285 1477 1339 quibus
1500 1285 1719 1327 Terentius
1747 1284 1801 1325 ab

247 1343 581 1386 adversariorum
609 1342 771 1398 probris
796 1356 840 1385 se
866 1342 1061 1398 defendit,
1092 1343 1194 1399 quid
1220 1343 1271 1386 de
1295 1343 1532 1387 fabularum
1557 1344 1703 1387 ordine
1727 1356 1801 1398 pro

246 1407 358 1444 certo
383 1402 625 1444 habendum
649 1415 740 1444 esse
765 1405 1048 1456 statuerimus,
1077 1404 1325 1458 priusquam
1349 1404 1402 1445 ad
1427 1404 1531 1446 alios
1555 1405 1669 1446 locos
1693 1404 1803 1444 inter

245 1463 290 1503 se
320 1461 594 1503 conferendos
624 1466 898 1516 transeamus,
928 1462 1278 1516 comprehendere
1309 1475 1333 1503 e
1363 1475 1408 1503 re
1433 1463 1522 1504 erit.
1569 1462 1802 1504 Statuimus

245 1526 385 1562 autem
429 1521 611 1575 primum
650 1520 837 1569 Andriae
879 1522 1102 1573 actionem,
1145 1521 1196 1562 ad
1236 1534 1360 1575 quam
1398 1521 1597 1576 prologus
1633 1524 1802 1577 spectat,

245 1583 340 1620 ante
362 1578 553 1632 Hecyrae
577 1582 618 1620 et
638 1578 1101 1620 Heautontimorumeni
1127 1581 1283 1634 primas
1307 1582 1491 1621 actiones
1514 1580 1664 1621 factam
1686 1591 1798 1630 esse3

245 1638 395 1679 deinde
420 1637 631 1692 Adelphos
655 1636 987 1693 aliquanto‘post
1007 1637 1515 1680 Heautontimorumenon
1541 1643 1677 1681 actam
1697 1650 1801 1691 esse,

245 1696 372 1738 simul
396 1697 524 1751 igitur
547 1702 640 1751 post
661 1697 869 1738 Andriam
889 1702 930 1738 et
950 1696 1161 1750 Hecyram
1182 1697 1363 1752 primum
1384 1701 1596 1749 exactam,
1617 1698 1800 1752 denique

245 1756 458 1810 Adelphos
488 1755 613 1810 paulo
644 1759 738 1809 post
767 1755 1023 1797 Eunuchum
1054 1759 1188 1797 actam
1220 1768 1324 1797 esse.

362 1813 441 1855 His
478 1814 726 1868 comparatis
758 1815 963 1868 sequitur,
998 1817 1046 1855 ut
1076 1813 1309 1856 Eunuchus
1339 1816 1449 1856 inter
1478 1814 1799 1856 Heautontimo-

245 1885 450 1914 rumenon
482 1878 522 1914 et
552 1872 768 1927 Adelphos
798 1870 890 1915 acta
920 1873 985 1915 sit.

364 1931 400 1972 N
404 1944 488 1973 unc
523 1933 648 1973 venio
685 1931 737 1972 ad
769 1931 872 1973 alios
902 1932 1169 1986 prologorum
1201 1932 1313 1973 locos
1343 1933 1452 1973 inter
1481 1945 1526 1974 se
1556 1945 1800 1987 comparan-

246 1992 338 2044 dos,
375 2003 429 2032 ex
467 1990 621 2045 quibus
659 1991 710 2032 de
739 1990 974 2033 fabularum
1009 1990 1155 2033 ordine
1185 1991 1477 2046 chronologico
1509 1992 1668 2047 aliquid
1699 1993 1802 2034 certi

245 2056 318 2091 aut
348 2050 541 2091 concludi
571 2053 707 2105 potest
737 2054 810 2091 aut
840 2049 1034 2092 concludi
1064 2062 1186 2105 posse
1216 2051 1297 2091 viri
1328 2051 1437 2092 docti
1467 2055 1732 2105 putaverunt.

247 2205 271 2258 ξ
304 2206 341 2247 2.
390 2205 454 2246 De
485 2206 560 2246 eis
593 2203 907 2257 prologorum
944 2203 1083 2254 locis,
1116 2204 1305 2257 quibus
1336 2206 1639 2257 captatione,
1671 2216 1803 2257 quae

481 2276 672 2325 dicitur,
707 2275 1081 2317 benevolentiae
1110 2275 1366 2316 Terentius
1400 2278 1565 2317 utitur.

365 2370 565 2413 Omnium
596 2371 639 2412 in
671 2371 937 2425 prologorum
970 2370 1100 2423 exitu,
1130 2374 1178 2412 ut
1208 2370 1287 2412 sibi
1319 2370 1486 2412 faveant
1513 2374 1555 2412 et
1577 2383 1652 2425 per
1676 2371 1801 2412 silen-

246 2431 351 2472 tium
388 2430 572 2471 fabulam
610 2443 728 2471 suam
767 2429 1014 2482 exaudiant,
1049 2429 1267 2471 Terentius
1301 2443 1324 2469 a
1355 2429 1656 2483 spectatoribus
1687 2431 1801 2484 petit.

293 2604 300 2611 .
365 2558 408 2602 ¹¹)
435 2558 656 2594 Comicorum
681 2559 827 2593 Roman.
852 2559 1055 2603 fragmenta
1083 2558 1197 2593 tertiis
1229 2558 1323 2592 curis
1355 2559 1560 2603 recognovit
1584 2558 1624 2593 Ο.
1646 2558 1803 2593 Ribbeck

248 2605 355 2650 (Llps'
365 2605 735 2707 &gffgcpnolrissmodo
760 2653 803 2688 ad
828 2651 982 2698 singulas
999 2652 1194 2688 sententias
1211 2654 1383 2706 spectare,
1409 2652 1472 2688 sed
1488 2653 1532 2688 ad
1549 2653 1640 2689 totas
1657 2663 1803 2718 scaenas

248 2699 945 2795 sasaimffissassfflfil’ssisfflqffi‘
947 2699 1343 2795 2.¹“1'¹¹<13¹·?s⁸55‘³i¹333312†
1366 2700 1436 2783 {31⁰
1444 2710 1492 2794 {f
1497 2701 1580 2785 ⁶302?
1583 2710 1635 2783 ΟΞ.
1645 2700 1802 2792 '‘Riere)
